2670 4508
634 189 675 248 ue

101 395 260 480 qriaedam
283 396 332 474 vis
355 416 512 482 apparere
540 395 669 460 videtur
692 396 724 460 in
747 394 815 459 hist
845 415 948 470 ,wenn
971 395 1049 460 aber
1073 395 1216 461 Wellen-

100 499 220 587 gessalt
239 520 300 564 uns
316 502 561 588 cntgcgcntritt,
584 501 670 565 daun
689 500 815 565 werden
837 501 905 563 uir‘
921 536 962 548 --
980 510 1077 584 quam
1100 501 1134 565 in
1149 501 1214 566 hist

101 628 201 681 ,uenn
225 605 303 670 aber
324 605 573 692 Wsffengewalt
600 628 661 671 uns
684 594 956 692 entgegentreten
978 605 1071 669 wird‘
1097 605 1148 670 vel
1173 642 1211 661 -·

75 715 220 786 ,treton
234 710 355 787 sollte,
385 711 469 775 dann
494 710 632 775 werden‘
660 711 709 776 vel
733 695 877 786 ‚wiirden
899 711 958 776 wir
977 723 1041 775 —·‘.
1098 710 1216 776 Priore

101 815 157 880 illo
179 816 218 891 ,si
240 839 336 882 nemo
352 814 545 891 obsisteret‘,
570 838 669 900 quum
694 839 762 880 rem
778 817 930 902 positam,
953 837 1029 880 num
1053 815 1113 880 fiat
1127 836 1214 892 vcra,

101 922 226 986 incerto
249 922 379 985 eventui
392 922 552 1008 'temporis
574 921 678 987 futuri
695 923 890 1008 permittunt
904 919 1030 996 Batavi,
1054 919 1216 1007 negligen·

101 1027 167 1091 tius
190 1027 277 1110 loqui
300 1027 466 1101 vitientur,
489 1027 550 1092 hoo
572 1027 632 1104 ,sin
650 1066 689 1077 -
706 1032 890 1093 occurrant‘
913 1027 1079 1102 minacius,
1102 1046 1214 1111 quum,
1238 1096 1240 1100 Α

100 1132 177 1197 nihil
200 1138 362 1208 curantes,
385 1137 495 1196 utrum
516 1155 594 1198 vera
615 1133 674 1197 fiat
696 1155 748 1198 rea
769 1135 877 1220 posita
898 1124 1008 1209 necne,
1028 1132 1214 1197 idtantum
1238 1157 1240 1162 ·

100 1242 236 1323 urgent,
259 1237 337 1322 quid
359 1259 444 1302 nexu
468 1239 647 1304 necessario
670 1261 743 1304 cum
767 1261 806 1303 ea
828 1239 871 1302 sit
893 1239 1046 1308 iunctum.
1089 1238 1148 1302 lta·
1165 1259 1215 1313 so,

100 1343 189 1426 quod
210 1343 368 1408 incertum
399 1366 437 1408 ac
458 1343 593 1408 dubium
618 1345 801 1430 a‘protasis
829 1344 936 1409 forms
960 1348 1011 1410 est
1039 1347 1214 1419 remotum,

101 1449 163 1534 ipsi
178 1449 324 1534 apodosi,
347 1450 468 1535 quippe
484 1449 575 1515 cuius
590 1449 710 1514 veritas
726 1471 766 1514 ex
780 1449 836 1513 illa
851 1450 1000 1536 pendeat,
1020 1447 1107 1512 firmi
1124 1446 1214 1532 quid·

101 1553 176 1616 dam
199 1576 238 1618 ac
258 1556 323 1618 'rati
347 1554 488 1619 additur.
525 1544 727 1620 Conferatur
748 1578 823 1620 cum
845 1554 910 1620 hoc
932 1553 1003 1620 loco
1026 1553 1140 1618 similis
1160 1552 1214 1618 illo

101 1659 134 1723 in
157 1658 233 1723 bist.
256 1659 298 1735 V,
322 1667 383 1724 24:
414 1699 453 1709 -
485 1658 532 1736 ,Si
557 1661 635 1745 qnid
653 1661 742 1726 ultra
762 1661 1011 1736 moliantur,
1038 1658 1113 1723 inde
1135 1657 1214 1722 iniu-

100 1765 181 1828 riam
204 1769 239 1827 et
261 1764 407 1850 culpam,
434 1764 507 1830 hinc
530 1766 685 1831 ultionem
707 1772 742 1830 et
763 1766 842 1831 deos
863 1765 953 1832 fore‘.
1006 1763 1129 1830 Verum
1151 1763 1215 1828 alia

102 1874 153 1933 ost
176 1870 260 1934 ratio
283 1869 344 1934 loci
367 1868 463 1934 huius
485 1870 575 1958 (hist.
599 1874 654 1948 lv,
679 1871 753 1960 75):
777 1871 893 1937 Civilis
915 1878 949 1937 et
972 1868 1136 1935 Classicus
1158 1868 1214 1933 mi-

101 1998 172 2040 sere
198 1977 239 2040 ad
270 1974 431 2042 Cerialem
462 1978 633 2063 epistolas,
670 1999 808 2061 quarum
835 1977 913 2043 haec
942 1977 1117 2041 sententia
1132 1974 1213 2039 iuitt

101 2082 359 2169 ,Vespasianum
371 2104 566 2166 quamquam
579 2083 710 2147 nuntios
722 2083 930 2158 occultarent,
944 2082 1118 2146 excessisse
1129 2082 1213 2157 vita3

103 2188 217 2252 urbem
248 2192 347 2271 atquc
370 2187 499 2252 ltaliam
528 2189 656 2252 interno
672 2187 763 2252 ‘bello
791 2193 1035 2274 consumptam,
1069 2184 1216 2251 Muciani

103 2298 137 2357 ct
157 2293 341 2356 ¹Domitiani
364 2315 448 2357 vane
470 2297 503 2357 et
525 2295 594 2357 sinc
616 2293 738 2370 viribus
762 2295 912 2358 nomina
944 2291 981 2358 Si
1000 2290 1137 2357 Cerialis
1159 2293 1216 2356 im·

103 2398 228 2485 perium
252 2397 432 2464 Galliarum
459 2399 584 2474 uelit,
614 2399 701 2484 ipsos
724 2397 842 2462 finibus
868 2399 935 2461 suis
967 2399 1158 2474 contentos3
1188 2398 1215 2462 si

103 2504 260 2590 praelium
290 2505 448 2580 mallet,
481 2526 521 2569 ne
542 2505 577 2569 id
607 2504 737 2589 quidem
759 2503 923 2568 abuuere‘.
978 2503 1151 2567 Ernestius
1173 2503 1216 2569 ad

103 2610 188 2674 hunc
212 2612 318 2676 locum
342 2612 496 2676 adnotat=
526 2610 742 2688 ‚Alterutrum
765 2610 936 2684 vitiosum,
961 2613 994 2673 et
1016 2614 1075 2673 aut
1096 2608 1215 2684 ,vellet‘

104 2716 275 2802 legendum
291 2722 349 2780 aut
365 2717 494 2792 ,malit‘;
517 2717 681 2801 posterius
696 2716 843 2792 latinius;
866 2716 977 2799 itaque
1000 2715 1046 2779 sic
1067 2715 1217 2779 correxi‘.

106 2858 144 2871 κ-
170 2820 237 2886 Sed
259 2821 338 2886 nihil
360 2843 444 2908 opus
465 2828 538 2886 erat
558 2821 618 2885 hac
634 2822 842 2887 correctione.
875 2819 1108 2885 Antecedentia
1130 2821 1215 2884 enim

103 2927 365 3014 (·,Vespasianum
380 2965 422 2978 ·-
441 2965 480 2976 -
497 2925 664 3012 nomina.‘)
685 2926 813 3002 docent,
835 2926 957 2992 formas
981 2926 1216 2990 sententiarum

107 3033 372 3098 conditionalium
403 3033 436 3097 in
463 3033 587 3098 directa
616 3034 762 3098 oratione
782 3054 861 3097 ‘esse
891 3031 965 3095 has:
999 3030 1048 3106 ,Si
1077 3029 1217 3096 Cerialia

105 3140 192 3215 uult,
227 3140 371 3204 contenti
399 3161 527 3215 sumus3
558 3141 653 3204 si-
675 3139 781 3214 malit,
816 3160 857 3202 ne
882 3137 917 3201 id
945 3137 1074 3220 quidem
1105 3137 1216 3201 abnui·

106 3255 198 3310 mus‘.
232 3245 359 3310 Priore
383 3245 467 3310 enim
497 3245 553 3308 illa
574 3246 736 3310 sententia
765 3241 972 3309 conditionali
1000 3240 1218 3306 offeruntCi·

105 3353 176 3416 vilis
207 3355 240 3415 et
264 3349 427 3416 Classicus
451 3350 570 3416 Ceriali
600 3350 735 3435 aliquid,
769 3350 857 3434 quod
886 3351 1023 3435 propter
1044 3368 1099 3422 ea,
1132 3369 1217 3431 quae

105 3457 355 3544 praemiserunt,
386 3457 441 3520 vix
463 3478 536 3520 sum
568 3477 663 3542 posse
690 3457 860 3542 repudiare
881 3455 1089 3530 existimant,
1115 3473 1218 3537 quare

105 3562 295 3648 simpliciter
316 3586 377 3648 pro
400 3584 478 3627 vero
499 3561 577 3626 illud
592 3567 730 3648 ponunt.
755 3559 807 3626 Cf.
824 3561 866 3625 nd
882 3560 959 3625 hist.
975 3560 1035 3636 lV,
1054 3565 1095 3624 55
1111 3582 1144 3645 p.
1163 3565 1216 3624 at.

105 3667 319 3732 Alteravero
336 3670 496 3734 sententia
517 3668 735 3744 conditionali,
759 3667 902 3754 positum
925 3688 1002 3730 num
1025 3666 1070 3729 sit
1091 3686 1216 3740 verum,

105 3773 218 3839 iisdem
242 3774 283 3839 de
305 3775 411 3838 causis
432 3773 584 3838 dubitare
606 3795 640 3838 ss
662 3773 845 3859 significant
867 3772 1070 3838 coniunctius
1093 3769 1217 3846 ,malit‘.

107 3878 256 3963 Denique
279 3880 415 3955 adriam,
447 3885 484 3944 ut
510 3886 740 3967 comparentur
766 3901 839 3944 cum
863 3877 925 3942 illis
946 3898 986 3941 ex
1008 3874 1217 3941 concionibus

106 3983 243 4068 obliquis
266 3985 431 4072 exemplis,
455 4008 495 4050 ex
517 3985 726 4050 concionibus
746 3984 887 4058 directis,
911 4004 994 4076 quae
1015 3982 1105 4069 apud
1125 3981 1218 4047 'l'aci-

90 4095 177 4156 ‚tum
193 4091 356 4178 leguntur,
379 4091 469 4156 locos
483 4091 553 4168 hos,
577 4092 610 4154 in
633 4089 749 4175 quibus
769 4089 926 4169 similibus
948 4089 991 4154 de
1004 4089 1217 4176 causisprius
