2670 4508
107 329 270 414 exprimit,
294 330 371 413 quid
388 328 457 415 ipse
473 329 714 416 Vespasianus,
738 330 792 414 qui
809 329 973 404 aestimari
995 329 1101 404 iubet,
1126 293 1224 416 quae

107 439 168 498 rat.
219 432 339 498 Similis
369 439 419 498 est
449 435 533 498 ratio
563 435 702 525 exempli
718 435 828 531 “huius
853 438 939 518 (ann.
962 436 1070 511 XIII,
1102 439 1153 520 6):
1177 475 1223 486 -

108 537 282 617 ,Daturum
318 540 412 626 piane
447 534 694 618 documentum,
728 540 872 606 honestis
906 563 946 605 un
979 564 1071 606 secus
1105 543 1222 607 amicis

107 649 254 720 uteretur
274 656 330 696 --6
351 646 447 728 (dire
460 644 576 720 ‚Dabit
598 645 692 731 plane
713 644 1105 730 documentum‘·(nobis),
1122 648 1220 731 'quod

106 749 174 816 fere
196 751 280 815 idem
303 755 355 816 est
376 773 414 816 uc
435 749 640 828 ,videbimus,
673 773 714 815 un
736 788 781 799 —-
802 751 950 839 utator‘).
997 753 1066 828 III,
1092 760 1151 817 12:
1175 766 1225 801 -2

107 854 231 922 Caesar
253 857 431 922 orationem
455 855 586 921 habuit:
614 893 659 904 -
685 856 766 931 ,illic
779 858 992 922 contumacia
1013 860 1222 924 et-certami-

106 961 200 1027 uibus
230 966 414 1048 asperasset
442 963 589 1026 iuvenem
612 962 765 1045 exituque
787 963 855 1027 eius
886 962 1025 1027 laetatus
1046 968 1147 1039 essct,
1178 980 1221 1035 au'

107 1068 226 1133 scelere
241 1066 457 1144 exstinxisset,
474 1068 609 1154 integris
624 1068 738 1131 animis
754 1068 1223 1156 diiudicandum‘·(diiudicars

106 1173 283 1259 debemus).
850 1156 852 1163 ¹
883 1189 889 1196 ·

196 1278 262 1346 Sed
289 1280 453 1366 exempla,
476 1280 592 1365 'qualia
613 1282 689 1344 sunt
712 1278 791 1344 haee
813 1279 894 1355 duo,
918 1300 1001 1363 quae
1023 1282 1222 1363 sequuntur,

107 1385 256 1452 huonon
280 1387 458 1473 pertinente
482 1388 567 1451 Ann.
583 1384 740 1463 xuni:
763 1384 865 1462 ,Scire
881 1402 925 1461 se,
948 1389 1105 1469 quantum
1129 1375 1223 1450 intus

107 1491 350 1568 discordiarum,
381 1489 542 1578 quamque
570 1484 745 1556 indomitas
775 1495 818 1554 et·
838 1488 1040 1576 praeferoces
1070 1491 1222 1556 nationes

107 1601 257 1683 regeret!
301 1597 391 1662 Hist.
407 1597 467 1674 IV,
484 1604 519 1662 82
608 1594 664 1672 ,Se
683 1597 864 1661 meminisse
880 1602 1075 1682 temporum,
1098 1595 1222 1680 quibus

107 1710 203 1768 natus
228 1703 281 1778 sit,
305 1725 401 1787 quam
424 1703 565 1768 civitatis
587 1701 725 1766 formam
750 1707 859 1788 patres
881 1702 997 1785 avique
1018 1702 1222 1767 institue-a

107 1809 215 1875 rint-⁶
259 1809 297 1872 In
322 1809 370 1873 his
393 1829 587 1894 quamquam
619 1811 669 1872 est
688 1807 794 1872 forma
823 1807 1115 1892 interrogationum
1138 1807 1222 1872 indi-¹

106 1917 278 1989 rectarum,
302 1919 410 1980 tamen
433 1938 497 1980 non
512 1937 625 1979 revera
646 1915 683 1988 is,
708 1914 762 1997 qui
785 1912 929 1997 quuitur
944 1913 1136 1998 interroget,
1161 1914 1221 1978 scd

106 2019 266 2106 significat
287 2022 407 2106 potius,
430 2021 561 2084 scirese
577 2019 716 2103 aliquam
740 2042 818 2084 rem.
851 2018 947 2098 Quae
967 2017 1022 2082 ubi
1046 2024 1118 2082 erat
1141 2038 1221 2085 veru

107 2126 309 2190 susurranti
337 2146 468 2208 quoque
490 2130 584 2200 nota,
610 2124 707 2190 huius
734 2125 841 2188 animo
871 2124 966 2188 simul
996 2123 1163 2188 obversari
1186 2123 1221 2188 iu

107 2231 239 2315 eiusque
269 2230 476 2317 cogitationis
515 2233 644 2316 tempus
674 2230 842 2294 transferri
873 2234 1019 2317 poterat:
1050 2229 1088 2292 aid
1104 2262 1109 2272 ·
1127 2229 1221 2314 quod

106 2335 230 2400 fuctum
254 2340 304 2400 est
325 2337 358 2401 in
381 2336 555 2424 posteriori
576 2336 639 2399 hoc
660 2335 817 2420 exemplo.

113 2472 119 2483 .
197 2441 262 2506 Sed
284 2443 362 2526 qnid
386 2441 566 2528 putandum
595 2446 645 2505 est
668 2439 801 2505 deloco
824 2439 885 2504 hoo
914 2440 1001 2528 (ann.
1024 2437 1052 2514 l,
1078 2444 1152 2521 lm:
1175 2458 1222 2492 -··'

108 2546 155 2623 ,Si
178 2552 287 2613 tamen
311 2550 481 2613 tenderent
502 2549 637 2634 inpane
659 2552 796 2622 tentare,
819 2568 902 2631 quae
924 2568 965 2610 ne
987 2544 1127 2608 civilium
1151 2546 1221 2629 qui·

108 2653 180 2718 dem
205 2652 361 2718 bellorum
391 2656 531 2720 victores
552 2653 845 2738 expostulaverint,
876 2674 934 2716 cur
956 2655 1070 2715 contro
1091 2671 1221 2715 rnorem

108 2759 263 2842 obsequii,
285 2764 400 2824 contra
414 2759 463 2823 fas
479 2758 666 2845 disciplinae
680 2758 745 2822 vim
770 2756 1069 2823 meditenturt‘
1095 2782 1135 2805 -·-
1153 2755 1220 2821 Hic

107 2856 197 2930 locus
219 2887 295 2929 sane
317 2865 481 2930 adversari
504 2865 633 2929 videtur
660 2863 837 2927 sentcntiae
860 2867 955 2927 antea
976 2862 1164 2948 proposit-ae
1186 2867 1222 2927 et

107 2971 242 3036 Taciteo
266 2972 348 3034 mori
371 2970 529 3056 loquendi.
584 2969 695 3034 Possit
717 2969 845 3053 quidem
869 2969 948 3043 dici,
981 2967 1135 3031 affirmari
1158 2966 1222 3033 hoc

108 3077 180 3141 Ioco
202 3077 314 3163 potius
339 3075 459 3161 aliquid
483 3077 623 3164 (,contra
641 3097 762 3139 morem
779 3073 934 3158 obsequii,
957 3077 1071 3138 contro
1092 3072 1142 3136 fas
1158 3073 1222 3136 dis,

108 3183 242 3268 ciplinae
267 3183 329 3246 vim
359 3183 598 3264 meditamini),
631 3204 727 3264 quarn
753 3180 957 3264 interrogari.
1004 3176 1112 3258 Quam
1136 3177 1222 3243 affir-

109 3289 401 3362 mationemsicut
424 3288 501 3352 alias
524 3309 652 3372 quoque
675 3286 769 3362 fecit,
793 3285 983 3371 scriptorem
1006 3284 1220 3370 potuissene

108 3393 192 3459 ferre
215 3391 419 3459 subiunctivo
435 3393 586 3459 absoluto
610 3415 669 3479 pro
692 3391 849 3457 obiective
865 3413 950 3466 vera,
974 3411 1071 3473 quam
1086 3390 1157 3474 ipse
1180 3389 1219 3452 si-

108 3500 191 3575 mul,
230 3499 470 3584 quodammodo
500 3500 677 3563 assentiens
708 3499 753 3574 ei,
792 3519 852 3560 sua
881 3496 982 3582 ipsius
1021 3486 1220 3580 cogitationi

107 3611 277 3693 praesente
297 3605 482 3691 conceperit
511 3626 550 3669 ex
573 3625 674 3687 eaque
702 3603 862 3667 retulerit.
915 3599 981 3666 Sed
1005 3600 1092 3664 haud
1119 3599 1219 3664 dubis

107 3703 319 3797 interrogatio
344 3712 397 3775 illa
411 3733 429 3775 e
443 3717 561 3776 nutura
584 3731 643 3772 sua
664 3731 702 3773 eo
718 3704 854 3795 spectat,
877 3712 916 3772 ut
938 3706 1040 3793 ipsius
1055 3699 1219 3790 loquentis

107 3808 254 3902 persona,
276 3817 413 3880 militurn
432 3817 663 3880 'seditiosorum
679 3814 830 3879 ferociam
853 3814 974 3877 mirans
995 3817 1096 3896 atque
1117 3813 1220 3897 indig-

83 3959 85 3962 ·
107 3944 206 4000 nans,
221 3923 413 3986 ostendatur
434 3922 553 4008 potius,
577 3943 673 4005 quam
697 3918 802 3984 nudae
824 3938 897 3993 res,
910 3920 951 3982 do
972 3917 1089 4002 quibus
1110 3918 1219 4001 loque

107 4027 214 4106 batur,
231 4032 454 4116 proponentur
466 4028 532 4091 sinc
542 4021 701 4090 relatione
713 4029 826 4110 aperto
842 4024 882 4095 ad
894 4024 995 4110 ipsius
1008 4024 1218 4110 praeteritam
