2670 4508
560 269 589 276 „
656 183 676 242 5

200 390 271 458 Liv.
286 387 424 467 XXlll‚
442 397 483 454 23
499 426 540 437 —
557 409 672 472 ,neque
684 388 776 453 duos
789 388 968 453 dictatores
982 386 1130 473 ternpore
1146 410 1220 465 uno,

111 495 199 579 quod
221 517 384 579 nunqnam
412 497 507 559 antea
527 492 651 559 factum
674 499 778 570 esset,
809 492 948 580 probare
969 501 1015 557 se‘
1043 492 1140 568 dixit,
1168 527 1221 555 -·-.

111 599 207 680 Quae
230 600 442 666 immoderata
472 599 555 674 fors,
586 603 716 686 tempus
745 621 783 664 ac
804 598 978 662 necessitas
1000 597 1151 673 fecerint,
1180 598 1221 662 iis

111 705 244 770 modum
272 706 512 792 impositurum.
558 703 641 769 Nam
669 725 774 789 neque
800 707 915 768 senatu
938 725 1132 788 quemquam
1156 726 1221 768 mo

111 815 221 875 turum
245 811 363 886 exiis,
387 832 468 895 quos
492 808 532 876 Ο.
555 809 750 886 Flaminius,
775 809 815 875 Ia
837 809 995 874 Aemilius
1013 803 1166 874 'censores
1187 809 1221 873 in
1256 872 1259 879 ,

110 920 258 980 senatum
281 915 451 1002 legissent3
481 914 652 981 transcribi
675 919 803 979 tantum
827 915 1020 999 recitarique
1042 936 1097 979 eos
1119 915 1221 979 iussu·

109 1044 200 1095 rum,
230 1042 271 1085 ne
299 1042 398 1107 penes
429 1042 528 1085 unam
559 1020 720 1086 hominem
749 1020 902 1085 iudicium
924 1018 1158 1104 arbitriumque
1179 1020 1222 1085 de

109 1126 197 1190 fama
219 1149 257 1190 ao
279 1109 425 1190 moribus
446 1131 578 1191 senatus
599 1125 713 1191 tuerit:
735 1130 770 1190 et
792 1125 839 1190 ita
860 1125 894 1189 iu
910 1124 1154 1191 demortuorum
1177 1124 1221 1189 lo-

109 1253 183 1296 cum
207 1230 446 1308 sublecturum,
472 1239 508 1297 ut
530 1232 612 1296 ordo
635 1232 758 1307 ordini,
781 1252 846 1296 non
868 1231 970 1296 bomo
989 1231 1110 1297 bomini
1130 1221 1221 1319 prae

109 1337 197 1401 latus
225 1337 411 1401 videretur‘.
439 1334 485 1386 .‘..
518 1335 650 1406 Sallust.
678 1334 755 1402 Cat.
779 1343 823 1401 34
850 1335 909 1424 (-—
931 1337 1127 1426 responditlr
1172 1335 1221 1414 ‚Si

110 1443 188 1526 quid
212 1442 253 1507 ab
277 1447 391 1506 senatu
408 1442 536 1519 vellent,
559 1440 601 1507 ab
622 1443 721 1507 armis
743 1442 920 1519 discedant,
942 1441 1077 1508 Romam
1101 1442 1221 1530 suppli·

109 1569 161 1612 ces
185 1547 440 1634 proficiscantur.
486 1548 538 1613 Ea
561 1547 807 1612 mansuetudine
827 1553 975 1612 senatum
989 1548 1221 1635 vpopulumque

108 1655 292 1719 Romanum
321 1675 450 1741 semper
470 1653 585 1727 tuisse,
616 1657 655 1718 ut
682 1675 778 1718 nemo
800 1675 942 1738 unquam
972 1653 1014 1720 ab
1035 1676 1076 1719 eo
1098 1652 1222 1718 frustra

109 1759 264 1824 auxilium
287 1759 458 1845 petiverit‘
487 1763 545 1840 (—
566 1759 693 1824 litteras
716 1757 849 1844 mittitlr
896 1756 952 1834 ,Se
972 1759 1063 1825 falsis
1084 1759 1221 1825 crimini-

108 1865 171 1930 bus
193 1864 465 1941 eircumventum,
497 1864 649 1950 quoniam
679 1864 812 1935 ladani
841 1865 1044 1930 inimicorum
1071 1866 1221 1930 resistere

109 1970 308 2053 nequiverit,
330 1969 481 2034 fortunas
502 1970 618 2035 cedere
638 1991 699 2034 -sst
727 1993 791 2036 non
814 1991 880 2054 quo
903 1968 963 2035 sibi
986 1973 1069 2036 tanti
1092 1971 1220 2035 sceleris

108 2076 255 2141 conscius
278 2079 373 2150 esset,
393 2074 452 2138 sed
473 2076 522 2139 uti
544 2074 725 2162 respublica
740 2076 851 2159 quieta
872 2073 973 2153 foret3
996 2098 1075 2143 neve
1097 2097 1138 2140 ex
1161 2096 1221 2140 rua

109 2181 316 2245 contentione
336 2180 455 2245 seditio
477 2171 641 2245 oriretur!
663 2219 709 2230 -
734 2179 860 2244 Similia
881 2181 1046 2268 exempla,
1069 2181 1124 2246 ubi
1147 2180 1221 2246 sub

108 2285 241 2350 iunctivi
265 2285 404 2350 absoluti
420 2289 455 2350 et
476 2286 600 2351 relativi
623 2285 711 2350 nulla
727 2287 910 2351 constantia
932 2288 1025 2352 mixti
1045 2290 1079 2352 et
1094 2287 1220 2352 confusi

92 2390 273 2465 'videntar,
303 2390 511 2457 inveniuntur
532 2392 621 2478 apud
645 2390 820 2458 Caesarem
843 2391 874 2456 b.
898 2390 940 2458 G.
963 2394 989 2468 l,
1014 2401 1069 2469 34;
1100 2392 1141 2469 V,
1166 2400 1220 2458 27.

109 2498 268 2573 293V11,
295 2503 346 2562 15.
376 2497 434 2574 203'
453 2497 541 2583 apud
559 2497 694 2568 ,Livium
718 2498 786 2574 lll,
810 2505 869 2575 393
890 2497 932 2573 V,
957 2498 1136 2575 11;V111‚
1161 2506 1219 2576 313

106 2601 168 2677 lV,
193 2609 247 2666 41.
271 2608 329 2674 603
353 2601 395 2678 V,
419 2608 476 2684 363
498 2602 563 2677 Vl,
589 2611 644 2679 173
668 2603 756 2688 apud
779 2600 969 2667 Sallustium
993 2605 1066 2690 lug.
1089 2611 1140 2669 33.
1165 2611 1219 2676 83.

106 2706 146 2772 ln
171 2707 240 2771 aliis
256 2705 465 2772 concionibus
488 2705 628 2792 obliquis
649 2707 848 2773 subiunctivi
868 2708 996 2774 relativi
1018 2709 1111 2774 initia
1132 2709 1220 2773 adhi-

107 2811 167 2878 biti
190 2834 266 2877 mox
289 2812 322 2876 in
343 2811 510 2878 absolutos
533 2816 719 2879 transeunt:
760 2812 856 2880 Caes.
878 2812 911 2879 b.
935 2813 979 2880 G.
1003 2817 1033 2889 l,
1060 2822 1114 2891 143
1146 2817 1219 2881 Liv.

109 2917 208 2993 vlu,
232 2925 286 2982 34.
766 2992 772 3002 ⁴
1106 2982 1108 2986 ,

195 3023 453 3088 Inconstantiam
475 3023 580 3100 illam,
603 3025 740 3108 quaein
764 3025 920 3112 exemplis
943 3025 1049 3090 allatis
1071 3030 1219 3112 apparet,

107 3129 312 3214 grammatici
341 3130 440 3192 variis
469 3128 651 3194 rationibus
680 3126 850 3216 explicare*
870 3132 1013 3196 student
1065 3132 1149 3206 Alii,
1182 3135 1220 3197 ut

107 3233 306 3319 Reisigias
328 3232 363 3321 (l
378 3255 408 3299 c.
429 3238 461 3316 ξ.
478 3233 568 3322 328),
592 3234 817 3322 Madvigius
839 3235 875 3324 (l.
898 3259 927 3302 c.
950 3241 979 3320 ἕ.
995 3236 1220 3324 403),dicunt

107 3339 298 3425 scriptorem
322 3339 427 3404 vivide
456 3343 640 3405 narrantem
671 3363 711 3406 ex
741 3343 919 3428 praeterito
945 3343 978 3407 in
1001 3364 1153 3429 praesens
1172 3341 1219 3406 bi·

107 3445 263 3509 storicum
294 3446 449 3522 transire,
479 3445 547 3525 vel,
578 3450 615 3511 ut
646 3446 816 3511 Haasius
843 3446 865 3510 l.
889 3471 914 3516 c.
939 3449 1013 3512 adn.
1036 3453 1101 3513 500
1130 3449 1218 3525 dicit,

107 3554 254 3636 tempus,
286 3550 373 3634 quod
402 3550 500 3615 fucrit
526 3551 560 3615 in
582 3552 706 3617 directa
727 3555 875 3619 oratione
897 3553 1090 3640 praevalere.
1144 3553 1219 3630 Alii,

106 3653 145 3720 ut
168 3653 452 3720 Ramshornius
481 3655 553 3744 (lat
576 3655 723 3726 Gramm.
746 3663 777 3742 ξ.
804 3665 884 3735 195,
906 3680 942 3737 a,
973 3658 1050 3724 bet
1072 3658 1156 3747 nat.)
1186 3662 1220 3724 et

108 3759 151 3826 G.
167 3761 207 3825 Τ.
224 3761 265 3830 Α.
281 3759 489 3847 Kriigerus
511 3760 691 3849 (umgearb.
707 3768 813 3850 Ausg.
828 3765 886 3829 der
908 3763 965 3829 lat.
981 3763 1218 3851 Sobulgramm.

108 3865 171 3930 von
195 3865 419 3933 Grotefcnd
441 3872 494 3950 ἐξ.
512 3872 587 3943 654,
609 3873 683 3945 655,
701 3869 943 3957 caestuum.)
964 3872 1082 3958 partim
1107 3870 1218 3934 eadem

105 3971 175 4036 fere
197 3974 333 4048 ratione,
355 3975 474 4059 partim
491 3996 532 4038 ex
553 3974 697 4060 ipsarum
713 3977 944 4040 sententiarum
966 3982 1083 4041 natura
1105 3976 1219 4040 aedis

106 4077 240 4142 crimine
261 4078 311 4142 de'
324 4077 535 4144 subiunctivis
557 4078 715 4144 absolutis
738 4085 771 4144 et
793 4079 936 4145 relativis
957 4083 991 4146 in
1012 4079 1219 4148 concionibus
