2670 4508
200 650 270 714 lam
294 673 392 734 quum
416 652 559 719 diversus
582 656 737 730 rationes,
760 652 877 736 quibus
891 651 1123 724 ,subiunctivus
1145 649 1222 715 rela-

111 755 198 820 tivus
220 756 379 841 significet
401 758 503 845 ipsam
526 761 604 835 eius,
628 762 719 826 cuius
742 759 829 823 dicta
849 763 1032 831 narrantur,
1055 756 1222 841 cogitatio·

111 882 194 938 nem,
217 865 493 946 pertractaverim,
509 867 667 953 oppositis
683 866 802 951 passim
826 870 924 947 atquc
935 863 1104 948 explicatis
1118 876 1223 927 exem³

112 967 184 1053 plis,
217 966 334 1050 quibus
367 970 529 1042 obiectiva
561 972 609 1037 vis
632 971 826 1036 subiunctivi
859 969 999 1034 absoluti
1032 968 1224 1045 illustretur,

110 1095 215 1160 pauca
238 1077 363 1137 tantum
388 1077 429 1140 de
451 1074 512 1141 hoe
527 1077 655 1142 addam.
681 1112 719 1125 -
744 1076 890 1142 Maxime
912 1081 1063 1141 constans
1078 1079 1130 1140 est
1150 1075 1223 1144 sub«.

110 1179 243 1243 iunctivi
259 1178 398 1245 absoluti
415 1203 493 1246 usus
515 1183 601 1255 iniis
618 1181 795 1256 sententiis,
819 1203 902 1265 quae
916 1181 1124 1266 generalioris
1146 1186 1223 1247 sunt

110 1290 255 1360 naturae,
278 1285 326 1349 ita
348 1292 471 1351 utnon
502 1286 597 1352 rebus
620 1287 813 1371 quibusdum
837 1287 948 1360 certis,
972 1308 1055 1372 quae
1077 1287 1224 1355 subiecto

111 1390 256 1475 loquenti
280 1390 340 1455 soli
372 1395 467 1457 erant
488 1397 689 1478 praesentes,
720 1394 877 1466 nitantur,
912 1392 969 1456 sed
993 1414 1121 1477 qnoque
1144 1397 1224 1458 teme

112 1517 191 1582 pore
214 1494 278 1582 (vel
300 1496 414 1561 saltem
438 1498 606 1584 scriptoris
627 1496 750 1585 aetate)
773 1521 831 1585 per
853 1519 887 1562 se
909 1499 975 1562 sint
997 1520 1102 1563 verae.
1137 1499 1224 1571 Ann,

112 1602 175 1678 lll,
193 1609 251 1666 69:
273 1640 325 1677 ‚-
350 1602 449 1667 minui
465 1605 546 1679 iura,
570 1606 721 1689 quotiens
743 1604 859 1690 gliscat
873 1607 1029 1690 potestas,
1053 1626 1111 1669 nee
1131 1608 1222 1668 uten-

112 1708 189 1773 dum
213 1707 358 1793 imperio,
382 1709 438 1774 ubi
459 1709 585 1796 legibus
600 1711 655 1796 agi
669 1712 795 1796 possit.‘
833 1711 936 1785 l,10:
962 1747 1001 1758 -
1027 1707 1124 1783 ‚Sane
1145 1706 1223 1774 Cas·

112 1813 151 1877 sii
180 1816 214 1877 et
245 1812 422 1878 Brutorum
453 1816 561 1880 exitus
591 1817 733 1901 paternis
762 1815 937 1880 inimicitiis
965 1814 1078 1889 datos,
1113 1836 1224 1898 qnam-

112 1942 209 2003 quam
231 1918 282 1982 fas
305 1919 363 1995 sit,
396 1921 522 2004 privata
552 1921 627 1986 odia
654 1921 790 2007 publicis
813 1919 1011 1986 utilitatibus
1032 1920 1221 1986 remittere.‘

111 2024 209 2100 xlv,
235 2031 295 2089 57:
318 2063 373 2100 ,-
396 2031 565 2112 assumpta
586 2027 685 2090 etiam
715 2026 891 2091 stoicorum
914 2025 1103 2111 arrogantia
1122 2030 1224 2093 secta·

112 2152 184 2214 que,
207 2152 291 2214 quae
312 2130 460 2196 turbidos
483 2139 517 2197 et
538 2133 742 2217 negotiorum
755 2133 955 2218 ,adpetentes
977 2130 1096 2195 saciat‘
1139 2130 1223 2204 XV,¹

113 2243 170 2304 59:
194 2273 247 2312 ,-
267 2236 375 2326 ¹multa
398 2238 594 2323 experiendo
616 2238 756 2313 confieri,
781 2261 863 2323 quae
886 2236 1038 2323 segnibus
1056 2235 1158 2300 ardua
1179 2237 1223 2300 vi-

112 2342 271 2409 deantur.‘
316 2342 376 2418 lv,
394 2349 454 2408 52:
470 2381 515 2391 -
529 2341 645 2420 ,Snunr
661 2345 776 2428 cuique
791 2344 977 2429 sanguinem
1000 2342 1221 2418 indiscretum,

111 2447 168 2512 scd
192 2447 330 2512 maxime
352 2447 559 2534 principibus,
582 2472 720 2533 quorum
743 2449 908 2535 prosperis
928 2453 961 2512 et
984 2447 1037 2511 alii
1059 2447 1222 2522 fruantur,

110 2554 245 2618 adversa
265 2552 306 2616 ad
329 2553 547 2618 iunctissimos
574 2555 781 2640 pertineant!
826 2552 879 2619 Cf.
902 2575 975 2617 ann.
997 2552 1059 2628 lll,
1083 2559 1137 2621 33.
1159 2560 1222 2629 36;

111 2659 194 2732 Xll,
218 2665 396 2735 6.10.19;
419 2659 521 2733 xiil,
544 2659 725 2734 433X1V,
748 2666 807 2734 573
829 2658 909 2735 XV,
927 2665 987 2735 593
1008 2657 1083 2723 hist.
1107 2659 1135 2734 l,
1160 2667 1222 2735 213

111 2764 156 2840 ll,
181 2770 243 2840 743
267 2763 328 2839 lV,
353 2772 403 2829 14.
428 2772 479 2831 76.
744 2839 745 2842 Ἴ
1223 2831 1226 2836 .

200 2866 403 2934 Subiunctivi
426 2869 566 2934 absoluti
583 2869 777 2935 adhibentur
799 2893 819 2935 a
840 2870 956 2937 Tacito
978 2870 1012 2935 in
1035 2869 1075 2935 iis
1097 2873 1225 2934 senten

110 2975 164 3038 tiis
186 2975 339 3051 relativis,
362 2997 447 3060 quae
469 2975 618 3040 nituntur
634 2974 730 3039 rebus
745 2977 829 3040 veris
850 2997 889 3041 ao
908 2974 1014 3049 factis,
1036 2975 1225 3061 praecipue,

110 3080 137 3143 si
159 3079 220 3145 bae
242 3103 282 3145 ex
298 3079 563 3145 rerumhistorin
578 3085 674 3145 notae
695 3083 789 3158 sunt;
813 3081 1028 3167 excipiuntur,
1052 3101 1135 3174 quae
1154 3081 1219 3149 iam

111 3187 144 3252 in
158 3185 422 3254 antecedentibus
438 3185 599 3272 explicata
620 3189 698 3250 sunt
712 3184 869 3272 exempla,
893 3186 948 3255 ubi
970 3185 1034 3251 alis
1059 3186 1218 3270 quaedam

109 3292 204 3369 ratio,
228 3297 266 3359 ut
288 3289 425 3357 subiecti
440 3291 603 3376 loquentis
625 3292 769 3357 animum
792 3314 830 3357 ue
845 3292 1075 3378 cogitationem
1097 3292 1219 3378 potius,

109 3418 207 3481 quam
237 3397 360 3462 nudum
389 3398 568 3464 sententiae
593 3396 757 3463 obiectum
787 3397 992 3473 ostenderet,
1026 3397 1227 3482 scriptorem

110 3502 256 3567 adduxit.
294 3505 378 3573 Ann.
393 3504 459 3579 Xl,
477 3511 534 3569 23:
556 3502 790 3591 (Impugnntur
804 3503 934 3589 rogatio
951 3503 1129 3588 primorum
1142 3499 1219 3568 Gal-

109 3606 171 3672 liae
199 3611 362 3686 comatae,
388 3610 452 3692 ·qui
480 3609 531 3674 ius
560 3608 841 3696 adipiscendorum
875 3608 908 3672 in
941 3605 1022 3673 urbe
1057 3606 1217 3673 honorum

109 3711 332 3799 expetebant)t
358 3751 396 3761 -
421 3711 522 3794 ,Quin
544 3712 649 3781 adhue
672 3713 844 3780 memorari
862 3713 1019 3799 exempla,
1042 3734 1125 3797 quae
1140 3713 1226 3799 pris..

109 3819 155 3883 eis
178 3818 323 3884 moribus
345 3820 388 3884 nd
410 3820 565 3885 virtutem
589 3827 622 3884 et
644 3820 780 3906 gloriam
810 3836 944 3885 romana
965 3817 1089 3885 indoles
1111 3818 1220 3905 prodi-

109 3923 202 3992 derit.
242 3931 302 3994 ,An
324 3947 450 4010 parum,
473 3926 562 4011 quod
582 3925 700 3993 Veneti
722 3929 756 3990 et
778 3925 931 3991 Insubres
953 3924 1076 3991 curiam
1091 3924 1218 4010 inrupe-

109 4029 198 4102 rint?
226 4067 272 4079 -
294 4028 496 4117 Oppleturos
519 4032 627 4097 omnia
640 4030 764 4100 ,divites
785 4029 867 4108 illos,
890 4052 1027 4114 qnorum
1051 4029 1102 4094 uvi
1125 4052 1217 4116 proa-
