2670 4508
77 375 265 464 Nipperd.),
288 377 364 461 quin
386 398 484 441 causa
507 398 602 460 quam
627 377 658 441 vi
676 398 772 463 agere
795 377 986 443 mallent!
1034 377 1121 443 Nam
1144 396 1191 444 re·

76 493 157 546 vern
178 481 294 546 Parthi
317 503 412 546 causa
434 492 530 566 quam
552 481 703 569 ringere
726 482 911 560 maluerint,
946 504 985 548 eo
1006 484 1094 568 quod
1117 483 1191 550 sub·

78 587 224 651 iunctlvo
252 587 389 651 relativo
419 586 596 653 subiectiva
624 592 751 652 tantam
779 589 958 654 sententiae
983 590 1188 666 deluditur,

79 693 153 757 iure
180 692 374 776 relinquitur
399 692 565 758 indubio.
617 693 703 757 Anu.
726 693 809 768 Xll,
834 693 880 781 5ss
902 693 1051 760 Vitellius
1076 733 1116 744 -
1140 710 1190 761 or‘·

79 794 171 863 ditur
199 798 418 884 ,gravissimos
441 799 594 885 principis
617 797 761 874 labores,
785 799 857 882 quis
879 798 990 865 orbem
1014 802 1120 865 terrae
1141 821 1191 865 ea-

79 908 209 992 pensat,
244 926 340 991 egere
369 903 587 980 adminiculis,
625 907 665 970 ut
694 904 873 968 domestica
900 927 979 969 cura
1007 916 1128 970 vacuus
1143 907 1190 972 ‘in

78 1032 250 1076 commune
272 1010 428 1075 consulat.
461 1008 559 1090 Quod
584 1032 681 1096 porro
697 1009 864 1074 honestius
886 1010 1049 1075 censoriae
1073 1013 1190 1077 mentis

77 1115 310 1191 levamentum,
334 1139 430 1200 quam
453 1135 616 1180 assumere
638 1117 808 1200 coniugem
833 1117 996 1202 prosperis
1018 1116 1191 1202 dubiisque
1227 1147 1230 1152 ·

78 1223 213 1297 sociam,
237 1223 289 1286 cui
311 1223 524 1307 cogitationes
546 1223 687 1295 intimas,
710 1222 762 1284 cui
785 1244 903 1308 parvos
927 1221 1043 1286 liberos
1066 1223 1189 1299 tradat,

78 1348 144 1394 nou
168 1327 269 1391 luxui.
288 1331 346 1391 aut
370 1325 592 1413 voluptatibus
615 1327 830 1401 assuefactus,
862 1326 919 1391 sed
944 1327 999 1410 qui
1022 1328 1127 1415 prima
1148 1328 1191 1394 ab

37 1426 39 1430 ⁴
78 1435 212 1498 iuventa
232 1432 361 1519 legibus
384 1431 776 1517 obtemperavisset!
798 1469 843 1480 -
865 1433 921 1507 lis,
943 1455 1026 1516 quae
1040 1433 1133 1498 initio
1149 1435 1192 1500 de

78 1539 226 1625 principe
248 1538 280 1600 in
296 1539 479 1601 uuiversum
503 1535 581 1624 (non
603 1538 644 1601 de
667 1538 738 1623 ipso
755 1535 903 1614 Claudio,
928 1560 1124 1622 quamquam
1148 1539 1191 1605 ad

77 1643 165 1708 lrnnc
186 1662 224 1706 ea
246 1643 384 1706 maxime
406 1642 519 1707 referri
542 1643 611 1707 vult
634 1640 811 1729 Vitellius.)
833 1643 994 1719 dicuntum,
1017 1646 1188 1711 veritatem

78 1853 161 1920 bene
184 1874 219 1918 se
240 1852 377 1928 babent,
408 1850 523 1937 quint
545 1852 794 1928 adhiberentur,
824 1853 914 1918 verbi
936 1856 1077 1941 regentis
1100 1880 1190 1944 prae

77 1949 384 2048 sensuhistoric'um.
407 1979 536 2042 quoque
566 1956 709 2022 nonnihil
744 1957 882 2023 valuisse
911 1958 999 2024 baud
1030 1950 1190 2047 negarim.-

78 2064 145 2130 Sed
170 2064 223 2129 ubi
240 2068 353 2150 aperte
376 2065 425 2128 ud'
441 2063 546 2128 solum
567 2064 673 2150 ipsum
691 2061 864 2128 Claudium
888 2066 1055 2141 transitur,
1080 2068 1188 2133 lictum

77 2170 295 2236 adulationem
320 2168 479 2255 significat
500 2169 641 2256 scriptor
663 2169 867 2235 subiunctivo
887 2170 1034 2250 relativo,
1061 2185 1127 2259 quo
1148 2196 1189 2240 ex

76 2267 262 2351 subiectiva
275 2274 395 2340 Vitellii
418 2275 616 2361 cogitatione
638 2275 799 2340 sententia
820 2278 991 2362 repet-itur.
1035 2278 1190 2356 xv1‚1=

76 2383 185 2448 lllusit
207 2381 322 2446 dehinc
342 2381 464 2473 Neroni
493 2380 626 2445 fortuna
652 2404 712 2468 per
734 2382 909 2445 vanitatem
938 2383 1039 2468 ipsius
1062 2389 1096 2449 et
1119 2407 1190 2471 pro·

77 2489 177 2553 missa
200 2486 337 2553 Caeselli
364 2487 471 2562 Bassi,
501 2487 555 2570 qui
577 2525 621 2534 ——
644 2489 821 2573 expromit,
844 2494 1031 2573 ,repertum
1054 2490 1087 2552 in
1109 2504 1191 2575 agro

76 2614 138 2659 suo
160 2614 292 2680 specum
316 2591 488 2656 altitudine
510 2593 675 2665 immensa,
699 2614 765 2676 quo
788 2614 905 2678 nrngnn
927 2594 975 2657 vis
997 2595 1068 2658 auri
1091 2597 1190 2659 coriti-

77 2702 233 2764 neretur.‘
249 2735 293 2745 -—
309 2696 401 2762 Sicut
423 2698 487 2760 ium
510 2719 558 2770 ea,
582 2718 667 2780 quae
687 2697 892 2775 antecedunt,
916 2699 1101 2777 ostendunt,
1125 2722 1189 2766 non

76 2824 189 2871 verum
212 2803 302 2879 illud,
324 2804 381 2867 sed
403 2803 513 2867 lictum
536 2809 608 2867 erat
630 2827 649 2867 a
672 2803 783 2868 Basso.

165 2909 291 2975 Prioris
306 2909 448 2973 eiusdem
470 2910 595 2995 generis
611 2913 687 2973 sunt
703 2930 759 2974 eae
781 2931 910 2994 quoque
924 2912 1101 2976 sententiae
1115 2912 1190 2977 fina-

78 3015 134 3092 les,
157 3015 275 3099 quibus
290 3015 470 3080 subiectum
493 3015 626 3099 loquens
649 3015 767 3078 actioni
784 3014 913 3090 alienae,
941 3038 981 3079 ex
1004 3039 1063 3081 sua
1078 3018 1189 3104 ipsius,

78 3118 199 3206 quade
221 3143 259 3185 ca
275 3120 407 3196 iudicat,
430 3121 557 3184 ratione
580 3119 732 3184 attribuit
746 3120 924 3196 eonsilium,
949 3123 1036 3205 quod
1052 3145 1116 3187 non
1132 3142 1194 3211 per

77 3248 113 3292 se
142 3248 181 3291 ac
211 3226 392 3290 necessario
421 3225 465 3288 illi
495 3226 616 3299 inesse,
650 3226 792 3311 scriptor
821 3227 1025 3293 subiunctivo
1054 3229 1194 3295 relativo

77 3331 250 3418 significat.
296 3337 381 3396 Ann.
401 3331 502 3407 Xlll‚
527 3337 584 3396 38:
607 3329 713 3417 (Mille
735 3333 880 3416 equitum
903 3333 1068 3398 Tiridates
1090 3335 1190 3399 affore

78 3437 140 3502 sibi
163 3434 306 3512 dicebat;
340 3441 496 3521 quantum
522 3434 701 3501 Corbuloni
724 3439 880 3521 cuiusque
902 3439 1028 3524 generis
1052 3439 1190 3504 militum

78 3542 254 3616 assisteret,
276 3564 339 3605 non
363 3546 517 3616 statuere,
542 3542 618 3606 dum
643 3543 759 3628 positis
781 3543 887 3606 loricis
911 3547 945 3607 et
967 3543 1067 3629 galeis
1090 3545 1123 3610 in
1144 3544 1191 3610 fa-

78 3648 158 3713 ciem
184 3647 271 3733 pacis
294 3647 484 3728 veniretur.)
523 3647 713 3731 Cuicuuque
740 3647 923 3713 mortalium
947 3650 1065 3713 nedum
1090 3651 1189 3715 veteri

78 3756 113 3818 et
134 3753 272 3839 provido
293 3753 367 3817 duci
391 3751 546 3817 barbarae
569 3754 710 3818 astutiae
733 3754 930 3840 patuissent:
968 3754 1059 3829 ‚ldco
1082 3761 1189 3821 artuum

78 3858 154 3923 inde
177 3881 345 3922 numerum
368 3858 469 3935 finiri,
500 3857 574 3923 hinc
598 3859 751 3924 maiorem
773 3860 900 3937 offerri,
923 3865 961 3925 ut
983 3860 1077 3925 dolus
1101 3883 1192 3947 para·
1298 3909 1304 3917 -

77 3964 193 4029 retur.‘
247 3962 459 4029 Subiunctivo
487 3963 621 4028 relativo
643 3963 775 4031 Tacitus
805 3965 966 4052 significat
994 3967 1095 4054 ipsius
1119 3967 1190 4033 sub-

78 4069 154 4136 iecti
186 4069 347 4154 loquentis
379 4069 420 4134 de
457 4070 589 4135 consilio
622 4071 778 4138 Tiridatis
811 4073 1040 4138 coniecturam.
1097 4074 1191 4160 Agriz

985 4179 1027 4240 1ὸὶ
