2670 4508
197 667 269 780 lam
290 688 325 752 in
345 687 408 753 tine
430 687 547 772 cupitis
575 687 797 753 antecedentis
823 685 976 772 *delapsus
1004 707 1076 748 sum
1098 684 1141 748 ad
1163 706 1218 749 eus

104 795 298 863 concionum
315 792 520 877 obliquarum
536 777 723 867 sententias,
740 787 856 876 quibus
872 791 956 857 inest
967 791 1014 855 vis
1029 789 1218 866 subiecti'va,

106 899 214 965 indita
229 921 293 964 non
307 904 424 984 sponte
435 897 570 974 subiecti
586 897 756 981 loquentis,
769 897 879 962 sodex
891 918 928 962 en
940 896 1070 961 demum
1081 896 1217 978 ratione,

107 1026 180 1096 (aaa¹
204 987 478 1089 concipiebantur‘
502 1008 609 1071 mente
631 1026 668 1068 uc
698 1003 818 1068 iudicio
849 1003 1021 1067 narrantis.
1067 998 1163 1081 Quian
1184 1001 1219 1066 in

107 1107 319 1194 sequentibus
353 1108 558 1194 potissimum
593 1108 837 1194 spectabuntur.
871 1142 916 1159 κ·
943 1106 1020 1173 Huc
1054 1107 1220 1193 pertinent
1241 1129 1251 1170 ·,

107 1213 382 1300 interrogationes
396 1212 579 1289 indirectas,
596 1218 765 1296 quaesunt
781 1202 1054 1299 interrogationes
1067 1213 1221 1299 propriae

108 1343 149 1388 ao
172 1342 267 1384 verae
290 1319 390 1404 ipsius
421 1318 556 1384 subiecti
587 1313 755 1403 loquentis.
802 1317 895 1400 Quas
917 1341 1046 1404 semper
1072 1317 1220 1404 flagitare

109 1424 332 1493 subiunctivos
353 1423 507 1489 relativos
529 1426 643 1512 opinor
666 1425 699 1493 iu
721 1425 828 1491 Taciti
852 1423 1058 1491 concionibus
1081 1423 1220 1508 obliquis

109 1529 245 1616 exlege
267 1530 417 1616 generali,
442 1551 524 1614 quae
546 1532 674 1595 statuta
696 1536 755 1596 est.
786 1531 881 1597 Licet
901 1530 986 1595 enim
1002 1529 1082 1594 uliae
1098 1533 1222 1594 senten

110 1637 179 1702 tiae
210 1635 343 1701 materie
372 1658 431 1700 sua
459 1635 567 1700 animo
590 1637 750 1713 narrantis
774 1639 929 1722 concepta
954 1634 1039 1700 bunc
1070 1637 1221 1700 avertant

110 1741 153 1808 ab
174 1741 244 1807 eius
260 1763 416 1827 persona.
440 1741 531 1806 cuius
546 1742 634 1807 dicta
650 1746 775 1818 narrat,
799 1747 854 1826 ut,
878 1763 1072 1825 quamquain
1089 1738 1222 1824 obliquo

110 1846 239 1914 dicendi
253 1868 371 1931 genere
386 1845 552 1938 alienasse
568 1848 746 1911 sententias
762 1869 911 1935 promere
925 1845 1095 1932 significat,
1114 1849 1222 1911 tamen
1318 1886 1320 1890 .

110 1952 216 2039 ipsam
248 1952 456 2038 praeteritam
491 1951 627 2016 subiecti
666 1953 896 2037 cogitationem
932 1953 1033 2037 magis
1066 1950 1222 2036 negligat,

112 2058 263 2143 quoniam
293 2057 389 2129 simul
417 2079 458 2123 err
489 2050 623 2123 obiectis
645 2080 705 2121 suo
728 2057 828 2144 ipsius
858 2058 971 2123 anima
997 2055 1223 2143 praesentibus

112 2163 183 2231 illas
204 2148 333 2238 haurit,
355 2161 417 2228 hoo
438 2163 523 2227 idern
547 2164 601 2227 vix
624 2162 692 2227 fieri
714 2166 825 2250 potest
847 2163 880 2228 in
902 2161 1223 2249 interrogationibus,

113 2269 230 2356 quibus
255 2269 359 2333 minus
382 2269 541 2333 sententia
563 2268 604 2333 de
626 2290 659 2333 re
683 2269 892 2354 exprimitur,
922 2268 981 2333 sed
1002 2268 1073 2356 ipsa
1095 2255 1223 2335 tantuin

112 2373 250 2439 subiecti
272 2373 429 2459 cogitatio
447 2373 494 2438 vel
511 2373 672 2439 dubitatio
691 2373 731 2439 de
748 2396 783 2439 re
802 2374 952 2458 quadam,
976 2395 1072 2458 quarn
1089 2372 1223 2439 Tacitus

114 2479 327 2549 subiunctivis
350 2478 493 2544 relativis
516 2480 678 2564 significat
699 2502 718 2542 e
740 2502 829 2545 more
849 2502 920 2544 suo.
951 2478 1077 2561 (Etiam
1097 2481 1223 2543 ceteros

113 2585 285 2653 hienricus
306 2583 424 2648 latinos
447 2585 480 2648 in
509 2584 819 2669 interrogationibus
847 2584 1012 2651 indirectis
1034 2583 1224 2649 condonare

113 2690 318 2775 obliquorum
335 2688 487 2753 inclinare
502 2690 543 2777 nd
560 2688 782 2755 subiunctiros
798 2689 951 2754 relativos
963 2689 1059 2754 docet
1074 2686 1118 2753 G.
1130 2687 1171 2752 Τ.
1183 2688 1225 2755 Α.

114 2795 320 2882 Kr-iigerns
336 2793 355 2861 l.
368 2817 394 2858 o.
411 2796 439 2878 t.
453 2798 543 2878 654.)
565 2796 619 2860 Ad
634 2797 722 2880 quod
738 2794 1025 2887 demonstrandum
1042 2816 1080 2858 ea
1095 2798 1225 2860 tantum

112 2901 263 2988 exempla
277 2900 394 2966 idonea
408 2907 495 2973 sunt,
519 2900 575 2970 ubi
591 2903 861 2988 interrogationes
884 2901 1060 2966 indirectas
1076 2921 1141 2964 non
1157 2922 1226 2964 son·

105 3008 292 3088 ,matarum
314 3006 576 3095 secundariorum
593 3008 624 3070 in
642 3007 773 3071 madum
796 3029 869 3070 cum
891 3007 962 3092 ipso
980 3004 1077 3070 verbo
1092 3008 1226 3089 regente

115 3117 193 3181 suut
213 3113 352 3186 iunctae,
376 3111 451 3195 quia
473 3109 534 3175 has
555 3113 619 3174 ism
636 3111 837 3197 generalibus
860 3111 900 3176 de
920 3116 1103 3197 temporum
1119 3131 1227 3178 conss·

115 3220 245 3286 cutione
266 3216 393 3304 legibus
416 3222 492 3281 sunt
514 3216 691 3281 obstrictae
714 3216 768 3298 (cf.
792 3240 825 3303 p.
850 3219 892 3299 2).

127 3395 131 3401 ,
205 3325 291 3391 Αιιιι.
314 3323 342 3396 l,
365 3328 424 3387 26:
449 3323 504 3387 Ad
519 3344 557 3386 ea
579 3322 709 3387 Drusus
723 3361 768 3370 -
782 3322 923 3387 clamore
945 3312 1121 3387 turbaturiv
1143 3317 1226 3396 ‚Cur

115 3430 267 3505 canusa,
283 3449 386 3512 neque
402 3427 557 3513 augendis
574 3427 712 3493 militum
728 3428 906 3515 stipendiis,
922 3449 1025 3512 neque
1041 3426 1228 3493 adlevandis

115 3531 292 3610 laboribus,
316 3532 454 3618 denique
477 3533 564 3598 nulla
587 3531 803 3599 benefaciendi
826 3532 992 3598 licential‘
1023 3529 1231 3616 (Sequuntur

117 3638 313 3727 subiunctivi
337 3638 501 3720 absoluti).
556 3636 611 3704 cf.
632 3660 658 3705 c.
683 3645 741 3715 403
772 3638 844 3714 XI,
870 3645 927 3714 193
956 3636 1227 3716 X111‚4s.4a;

117 3744 194 3812 bist.
209 3745 274 3821 lll,
291 3753 333 3812 70
340 3771 349 3820 ;
369 3744 431 3821 lv,
447 3751 478 3809 4.
508 3744 599 3812 Hist.
615 3741 675 3821 lv,
692 3751 750 3810 81:
771 3743 990 3829 Vespasianus
1005 3781 1048 3793 —-
1063 3741 1229 3811 aestimari

84 3929 88 3933 ¹
118 3875 138 3916 a
159 3850 291 3916 medicis
312 3848 412 3925 iubet,
429 3871 487 3925 ,aa
510 3849 584 3914 talis
607 3850 743 3915 caecitas
766 3873 804 3914 ac
831 3847 979 3915 debilitas
1002 3870 1065 3934 ope
1087 3847 1229 3917 bumana

119 3954 318 4044 superabiles
346 3953 476 4021 forent!
502 3994 547 4008 -
572 3954 648 4021 Hoc
677 3955 750 4022 loco
785 3977 981 4041 quamquam
1012 3954 1229 4042 interrogatio

118 4060 277 4130 indirecta
305 4060 453 4150 proxime
477 4061 597 4150 pendet
619 4084 661 4127 ex
686 4060 846 4129 infinitivo
876 4060 1089 4138 ,animane
1119 4063 1229 4128 tmen
