2670 4508
107 329 160 414 gis
184 330 386 414 praesentem
408 320 526 415 (paene
547 331 586 393 ut
608 329 688 394 illud
711 327 852 416 ‚sentio‘)
867 329 1045 416 significare
1061 330 1231 406 videatur,

108 455 206 517 quam
230 434 389 498 notionem
413 435 640 520 praeterit-am,
671 433 749 498 nihil
771 439 879 499 tamen
902 436 1054 523 impedit,
1087 437 1171 524 quin
1195 440 1233 502 et

108 540 181 626 ipsa
203 539 379 626 praeterita
402 540 565 625 cogitandi
588 563 626 604 ao
648 540 860 604 ratiocinandi
883 541 968 605 actio
999 541 1094 605 simul
1123 544 1231 629 respi-

107 645 229 718 ciatur,
261 668 324 728 qua
354 645 396 708 ad
419 651 628 730 'praesentem
658 647 898 732 persuasionem
925 647 1161 711 nescientiam
1194 670 1231 714 se

109 751 298 836 perduxerit
322 749 448 815 Cicero.
496 751 546 815 Ad
562 751 648 815 illam
671 774 749 816 vero
773 752 830 815 has
853 753 1029 816 sententias
1050 772 1166 836 ,quum
1184 792 1230 802 -

108 861 197 920 esset
219 873 321 940 neque
337 855 482 920 haberet⁴
496 896 541 904 -
556 859 679 943 optime
701 879 779 944 prae
800 858 917 921 ceteris
940 857 1156 922 subiunctivis
1180 881 1229 923 re·

108 962 215 1026 letivis
240 962 369 1037 retulit,
393 967 429 1026 ut
452 963 484 1027 in
508 964 564 1037 iis,
587 963 707 1048 quippe
731 984 813 1046 quae
836 963 933 1027 altius
955 963 1114 1049 repetitae
1139 964 1230 1028 vide-

108 1073 222 1142 antur,
248 1090 350 1152 quam
375 1067 462 1142 illae,
489 1069 580 1154 ipsa,
612 1091 708 1152 quam
730 1069 763 1131 in
787 1064 896 1132 earum
922 1068 1058 1134 veritate
1080 1070 1231 1133 eruenda

108 1174 319 1259 consumpsit,
345 1175 459 1238 mentis
482 1195 581 1259 opera
604 1173 720 1237 clarior
741 1179 907 1260 appareat.
955 1173 1040 1238 Sane
1062 1173 1123 1238 lmc
1148 1196 1230 1258 quo-

109 1300 173 1362 que
202 1281 343 1344 ratione>
361 1278 538 1343 subiectiva
567 1279 724 1362 quaedam
755 1280 804 1343 vis
839 1278 1049 1343 subiunctivis
1079 1278 1229 1344 relativis

108 1385 233 1448 inditur
256 1384 423 1448 sententiis
446 1384 517 1448 illis.
564 1385 678 1448 Altero
702 1383 884 1459 Ciceronis,
913 1407 1007 1468 quem
1033 1384 1228 1450 Psarrius

109 1490 220 1564 affert,
259 1490 330 1554 loco
360 1490 474 1554 relatio
503 1490 697 1554 coniunctivi
727 1490 907 1576 imperfecti
938 1490 979 1554 ad
1011 1492 1228 1576 praeteritam

108 1597 339 1682 cogitationem
364 1595 460 1659 etiam
484 1594 609 1660 fircilius
631 1595 845 1681 intelligitur.‘
892 1595 989 1661 Caco.
1014 1602 1048 1669 3,
1078 1595 1228 1672 ,Fateoa

110 1724 162 1767 me
184 1701 296 1765 salutis
327 1702 469 1764 omnium
493 1723 589 1764 causa
613 1701 653 1764 ad
677 1724 747 1764 eam
776 1707 900 1787 partem
924 1702 1096 1766 accessisse
1118 1702 1230 1789 reipu-

109 1807 209 1872 blicae
225 1806 449 1882 sublevandae,
467 1829 550 1890 qaae
567 1806 707 1870 maxime
728 1806 960 1871 laboraret.‘
984 1806 1229 1872 Coniunctivus

107 1912 291 1999 imperfecti
313 1935 377 1976 uon
393 1935 434 1976 ex
451 1911 549 1976 verbo
569 1913 726 1998 temporis
742 1914 919 1999 praesentis
942 1912 1069 1987 ‚fateor‘
1092 1912 1228 1998 pendet,

108 2019 166 2084 sed
183 2042 221 2083 ex
238 2019 437 2104 cogitatione
458 2017 604 2092 subiecti,
628 2039 797 2102 (quaecum
816 2018 991 2103 praeterita
1014 2017 1068 2081 illa
1084 2019 1228 2094 actione,
1273 2010 1275 2014 Α

110 2143 212 2208 quam·
232 2124 393 2211 significat
414 2123 590 2187 infinitivus
614 2125 818 2197 ‚accessisse‘,
842 2124 950 2187 iuncta
973 2127 1053 2187 erat.
1090 2122 1227 2188 Senten-

108 2232 176 2295 tiae
192 2232 315 2295 diroeta
331 2231 477 2293 oratione
493 2250 663 2314 expressae
686 2228 791 2292 forma
807 2232 893 2293 esset
916 2228 1011 2294 haece
1032 2267 1078 2278 ·--
1093 2232 1230 2304 ,accessi

70 2385 71 2389 ,
109 2337 152 2400 ad
175 2359 245 2400 eam
269 2337 316 2400 rei
338 2335 485 2422 publicae
507 2339 644 2420 partem,
668 2355 751 2416 quae
765 2373 810 2382 —
824 2333 997 2398 la'boraret‘
1020 2333 1099 2416 (scil.
1124 2356 1228 2419 quam

109 2441 257 2506 laborare
280 2448 349 2506 tum
374 2440 621 2522 existimabam).
654 2439 763 2503 Etiam
785 2439 848 2504 loci
870 2440 925 2513 illi,
950 2462 1031 2532 quos
1054 2439 1229 2504 Haasius

110 2546 146 2634 (l.
171 2571 198 2611 c.
222 2548 295 2612 adn.
312 2553 391 2630 478)
413 2547 534 2620 attulit,
558 2547 793 2617 demonstrant,
817 2533 1084 2632 significatidnem
1108 2545 1229 2630 imper-

110 2651 189 2718 fecti
222 2659 256 2717 et
286 2652 594 2739 plusquarnperlecti
625 2658 809 2738 temporum
841 2650 1050 2715 subiunctivis
1080 2641 1229 2716 relativis

111 2781 181 2824 esse
203 2759 384 2844 genuinam.
673 2833 676 2836 ‚

200 2863 314 2944 Quare
336 2864 543 2951 lloeggius
566 2862 600 2950 (l.
622 2885 648 2926 c.
673 2885 725 2948 pp.
752 2868 781 2934 5.
809 2868 859 2934 13,
887 2861 941 2948 14)
964 2883 1076 2924 sensus
1099 2864 1228 2925 senten-

109 2971 228 3035 tiarum
253 2969 383 3054 obliqua
407 2971 554 3034 oratioue
577 2974 725 3033 narratos
741 2974 774 3034 et
796 2970 897 3031 artius
918 2968 1008 3053 iungi
1032 2988 1129 3052 posse
1151 2989 1228 3032 cum

49 3108 52 3112 ·
110 3077 238 3141 actione
260 3077 445 3162 ‘praeterita
474 3076 662 3140 annurtiandi
687 3074 897 3140 subiunctivis
920 3073 1062 3136 relativis
1085 3076 1133 3146 et,
1165 3072 1229 3139 hnc

109 3183 266 3247 relatione
289 3182 445 3268 neglecta,
468 3182 517 3247 vel
542 3189 578 3245 ut
600 3181 641 3244 ad
658 3202 809 3266 praesens
825 3201 954 3263 quoque
969 3179 1130 3242 narrantis
1147 3182 1230 3242 tem-

111 3310 173 3374 pus
198 3289 407 3374 pertinentes,
431 3289 480 3352 vel
503 3289 544 3351 ad
567 3287 599 3350 id
624 3286 798 3351 translatos
815 3290 848 3350 ot
870 3287 918 3348 sui
935 3285 1092 3370 temporis
1107 3282 1229 3348 linibus

112 3399 301 3480 exemptos,
333 3398 460 3458 tantum
490 3398 528 3457 ut
558 3392 688 3476 aliquod
719 3393 914 3478 cogitatum,
945 3390 1032 3474 qaod
1064 3391 1229 3454 narrantis

112 3501 222 3564 animo
238 3499 428 3565 obversetur
444 3498 484 3563 ab
496 3521 598 3582 eoque
613 3498 707 3562 simul
724 3499 767 3562 sit
781 3501 985 3582 conceptum,
1002 3496 1113 3560 referri
1131 3517 1230 3580 posse

112 3606 325 3672 subiunctivis
348 3605 505 3682 absolutis
530 3604 656 3668 statuit.
703 3601 846 3668 Omnino
869 3604 918 3666 vir
940 3603 1164 3673 doctissimus,
1189 3607 1230 3665 ut

112 3713 317 3801 germanicae
340 3711 477 3797 linguae,
501 3711 547 3775 ita
569 3709 731 3773 historicis
747 3731 875 3793 quoque
897 3709 1004 3773 latinis
1026 3706 1228 3772 liberrimum

113 3818 390 3883 subiunctivorum
422 3816 644 3880 absolutorum
675 3819 709 3879 ct
739 3815 947 3904 relativorum
972 3837 1065 3877 usum
1098 3813 1129 3875 in
1158 3836 1230 3876 ora-

113 3926 202 3990 tione
227 3925 358 4007 obliqua
382 3921 545 3996 concedit3
576 3921 608 3984 id
632 3921 718 4005 quod
749 3926 844 3985 etex
868 3922 951 3993 eius,
984 3941 1080 4003 quam
1104 3920 1228 3995 notavi,

113 4031 385 4096 commentatione
416 4032 450 4092 et
479 4049 518 4092 ex
548 4028 604 4102 iis,
635 4049 718 4110 quae
742 4026 790 4091 vir
819 4025 1067 4090 humanissimus
1091 4025 1230 4089 comiter
