2670 4508
96 359 247 445 ...vique
281 359 444 424 hostilium
482 361 656 426 nationum,
683 361 781 426 duces
814 361 974 426 exercitus
1008 366 1138 428 nostros
1172 362 1263 429 ferro

151 465 247 550 vique
262 466 444 540 ceciderint,
467 467 577 530 dirum
595 466 711 533 lulium
734 467 822 553 apud
841 466 983 531 Alesiam
999 465 1188 534 obsederint
1208 471 1264 553 (cf.

152 569 247 636 Caes.
266 570 296 634 b.
314 568 355 636 G.
380 571 456 646 Vll,
474 569 549 654 68).
576 611 613 619 -
636 570 725 651 Quid
747 573 772 635 si
799 573 949 636 memoria
972 595 1083 637 eorum
1100 581 1261 648 oreretur,

153 676 208 760 qui
233 674 400 762 Capitolio
422 681 455 740 et
476 698 549 741 arce
570 693 705 741 romana
732 677 886 742 maniblos
915 676 1050 742 deorum
1073 678 1263 767 (Nipperd.)

150 781 297 867 deripere
319 782 458 846 conati
481 783 590 850 sint‘
639 782 727 847 Hist.
751 783 813 858 ΙΙΙ,
839 792 875 848 2:
900 821 939 832 -
955 783 1066 863 „Quin
1087 786 1199 870 potius
1221 808 1263 852 ec

150 886 223 974 ipso
244 891 429 962 uterentur,
465 887 552 971 quod
575 887 770 973 pannonicae
792 888 948 975 legiones,
979 891 1263 978 deceptaenragis

150 1014 247 1078 quam
262 994 377 1070 victae,
401 1014 569 1078 resurgere
583 990 615 1056 in
631 993 785 1058 ultionem
809 1001 1030 1081 properent
1052 993 1106 1077 (ci.
1124 997 1169 1070 ΙΙ,
1193 1003 1263 1078 86),

150 1100 281 1163 moesiei
304 1100 463 1164 exercitus
486 1100 629 1184 integras
658 1101 743 1163 vires
765 1099 1035 1165 at·tuleriut.‘·
1072 1100 1126 1169 cf.
1143 1125 1216 1170 anu.
1234 1105 1262 1178 Ι,

152 1211 210 1281 1⁷3
241 1204 302 1279 ΙΙΙ,
327 1211 363 1280 6;
392 1205 436 1279 ΙΙ,
460 1211 520 1281 453
551 1204 649 1281 XlV,
675 1204 837 1280 metat.
859 1206 914 1278 lv,
939 1214 969 1271 7.
993 1212 1022 1272 8.
1046 1214 1096 1270 17.
1122 1214 1182 1284 753
1213 1209 1260 1280 ΙΙ,

150 1315 210 1386 823
234 1310 275 1384 V,
294 1316 346 1374 24.
377 1313 462 1374 Aua.
477 1309 576 1389 xlv,
594 1317 651 1375 20:
673 1307 880 1397 (Queruntur
903 1311 1192 1395 de·'quinqueanali
1213 1313 1261 1377 lu-

149 1415 240 1480 dicro
256 1416 379 1480 Romae
402 1437 420 1477 a
442 1415 574 1480 Tiberio
596 1417 748 1480 instituto
771 1416 812 1480 ad
835 1437 957 1480 morem
982 1418 1089 1501 graeci
1113 1421 1260 1482 certami-

149 1519 231 1607 nis):
262 1559 317 1596 ‚-
351 1520 488 1585 abolitos
511 1521 679 1607 paulatim·
696 1523 821 1608 patrios
856 1538 960 1585 m‘ores
985 1519 1133 1587 funditus
1156 1525 1261 1589 everti

151 1648 210 1713 per
222 1626 372 1698 accitam
390 1625 550 1690 lasciviam
567 1665 611 1674 —-
626 1629 775 1713 principe
793 1631 826 1692 et
849 1630 963 1690 senatu
980 1628 1179 1704 auctoribus,
1202 1630 1259 1713 qui

149 1754 214 1797 nou
238 1732 334 1794 modo
365 1732 524 1795 licentiam
548 1732 634 1813 uitiis
657 1733 878 1818 permiserint,
907 1731 963 1796 sed
985 1733 1050 1796 vim
1073 1732 1257 1808 adhibeant,

149 1842 187 1902 ut
211 1859 361 1922 proceres
383 1838 507 1901 romani
538 1837 643 1923 speeie
673 1839 858 1902 orationum
885 1842 920 1902 et
949 1838 1126 1902 carminum
1157 1838 1257 1924 pollu-

148 1946 266 2007 antur.‘
314 1942 367 2030 (ln
391 1942 452 2007 boc
475 1943 624 2029 exemplo
646 1951 711 2028 'pro
734 1942 943 2008 subiunctivis
973 1943 1130 2008 absolutis
1153 1965 1257 2028 aequo

147 2048 217 2112 iur'e
240 2048 393 2113 relativos
416 2047 568 2113 adhibere
590 2053 720 2134 poterat
742 2049 898 2134 scriptor,
922 2049 950 2112 si
973 2049 1152 2134 significare
1175 2049 1257 2114 vole-

148 2152 206 2218 bat
227 2172 344 2217 nexum
375 2152 533 2217 airusalem
556 2155 625 2238 (qai
653 2181 686 2212 =
714 2176 813 2238 quam
837 2153 887 2240 ii),
922 2176 987 2238 quo
1010 2153 1190 2219 subiectum
1213 2154 1247 2219 lo

148 2280 254 2343 quens
272 2259 470 2344 cogitatione
500 2282 558 2323 sua
582 2261 788 2331 sententiam·
806 2259 976 2323 relativam
1004 2280 1078 2323 earn
1102 2261 1257 2345 primaria

146 2364 305 2428 iunxisset
320 2363 360 2427 cf.
378 2385 404 2427 c.
421 2364 501 2451 Xl.)
546 2367 629 2430 Anu.
651 2364 696 2439 ΙΙ,
723 2372 780 2429 lo:
803 2362 871 2428 Nec
892 2364 1059 2429 Arminius
1081 2369 1138 2429 aut
1158 2366 1256 2430 ceteri

149 2468 388 2537 Germanorum
406 2490 553 2555 proceres
568 2468 765 2534 omittebant
780 2491 856 2533 suos
872 2469 1008 2554 quisque
1025 2470 1156 2534 testaris
1173 2470 1256 2546 ,Hos

148 2593 218 2640 esse
234 2576 398 2640 Romanos
415 2575 547 2640 Variani
570 2577 730 2640 exercitas
746 2574 980 2662 fugacissimos,
1003 2577 1058 2659 qai
1081 2574 1254 2641 nobellum

147 2679 334 2757 tolerarent,
352 2679 541 2744 seditionem
563 2680 791 2757 induerint3
814 2702 952 2765 quorum
968 2698 1043 2767 pars
1058 2685 1177 2746 onusta
1192 2680 1257 2746 val-

147 2781 277 2851 neribus
306 2789 416 2870 terga,
449 2807 523 2869 pars
544 2784 695 2850 {luctibus
723 2792 755 2849 et
777 2786 925 2872 procellis
955 2785 1077 2852 fractos
1098 2791 1191 2851 artas
1213 2788 1256 2851 in-

147 2890 246 2955 fensis
276 2912 405 2954 rursum
436 2887 601 2966 hostibus,
633 2892 775 2956 adversis
798 2892 847 2955 dis
872 2892 1100 2956 obiiciunt!
1145 2891 1253 2957 Etiam

147 2994 302 3061 hocloco
329 2996 524 3060 subiunctivi
554 2996 679 3062 relativi
711 2996 791 3061 bene
814 2998 1040 3076 convenirent,
1061 2990 1095 3062 ct
1118 3000 1256 3062 araxime

147 3102 277 3186 quidem
295 3103 465 3188 posteriori
488 3101 563 3166 baio
578 3104 767 3167 sententiae.
799 3101 913 3187 Neque
934 3125 1011 3167 vero
1032 3103 1255 3170 subiunctlvus

147 3206 317 3271 absolutus
339 3230 403 3272 non
426 3211 477 3271 est
497 3212 604 3293 aptus,
628 3228 727 3291 quum
751 3208 830 3271 satis
853 3207 1010 3294 probetur
1029 3210 1194 3274 sententia
1212 3211 1256 3296 ip

147 3313 191 3376 sis
213 3312 308 3377 factis
328 3333 368 3375 ex
390 3312 496 3377 Taciti
520 3313 687 3377 annalibus
709 3313 812 3389 autiss
836 3335 936 3396 quare
957 3312 1085 3389 licebat,
1109 3313 1255 3379 subiunc-

146 3419 216 3483 tivo
231 3417 379 3482 absoluto
401 3417 512 3482 laxare
528 3419 592 3482 vim
613 3417 808 3483 subiectivae
822 3420 1038 3504 cogitationis.
1075 3418 1174 3496 xlv,
1196 3426 1255 3484 sl:

148 3520 315 3609 (Poppaea
331 3525 477 3607 queritur
492 3523 533 3588 de
548 3523 691 3588 tumultu
707 3528 822 3589 contra
837 3525 939 3610 ipsam
955 3525 1063 3613 urto)z
1078 3563 1133 3601 ,-
1153 3526 1254 3589 sitam

146 3628 252 3714 ipsam
265 3631 297 3691 in
311 3633 496 3693 extremum
505 3629 677 3694 adductam
691 3653 710 3694 a
722 3630 877 3694 clientelis
891 3635 926 3694 et
936 3631 1076 3696 servitiis
1088 3629 1254 3706 Octaviae,

147 3754 230 3818 quae
252 3732 353 3819 plebis
376 3734 435 3799 sibi
452 3754 567 3800 nomen
590 3736 837 3812 indiderint,
860 3754 898 3800 ca
920 3737 953 3801 ia
969 3753 1050 3822 pace
1072 3737 1150 3812 ansi,
1174 3758 1256 3822 qaae

147 3837 203 3902 vix
225 3837 309 3902 bello
333 3841 518 3905 evenirent!
541 3841 636 3906 Licet
656 3841 751 3915 illud,
775 3841 863 3926 quod
886 3842 1039 3907 clientelis
1061 3846 1096 3906 et
1118 3844 1256 3908 servitiis

148 3941 306 4009 Octauiae
328 3945 504 4008 tumultum
520 3945 609 4009 illum
634 3942 784 4032 adsignat
806 3946 970 4033 Poppaea,
993 3949 1069 4013 fieta
1088 3948 1191 4034 ipsius
1214 3950 1256 4013 sit

88 4131 90 4133 ι
148 4049 391 4136 interpretatio,
422 4049 626 4116 subiunctivo
648 4051 800 4117 absoluto
830 4057 967 4139 urgetur
987 4076 1008 4118 a
1029 4059 1182 4119 narrante
1204 4076 1256 4118 res
