2670 4508
143 342 250 429 logion
273 343 466 419 sententiae,
495 344 552 408 sed
574 345 672 408 etiam
692 345 771 429 qnia
793 365 851 431 per
873 364 908 408 se
929 345 1181 408 iamsententin
1200 344 1255 409 illa

144 448 297 523 neamalis,
313 452 435 536 quippe
456 471 538 534 quae
560 449 742 515 simulatam
762 473 782 514 a
795 449 937 525 Tiberio,
960 444 1026 514 nnn
1048 471 1159 514 veram
1183 472 1256 514 cau-

144 575 212 618 sam
236 555 416 629 contineat,
440 576 498 619 cur
522 553 750 620 Germanicum
775 556 953 632 revocarit,
987 555 1100 620 melius
1122 577 1168 620 ex
1185 556 1255 621 sola

143 659 245 744 ipsius
269 658 406 724 subiecti
429 661 589 744 loquentis
611 662 790 747 praeterita
811 660 1009 747 cogitatione
1031 661 1182 725 refertur.
1211 699 1255 709 —-

232 765 307 829 Huc
331 766 493 846 pertinent
516 766 613 829 etiam
637 766 789 830 nonnulla
811 766 973 852 exempla,
997 766 1053 830 ubi
1075 767 1114 830 in·
1131 770 1243 830 senten

141 870 199 934 tiis
214 870 485 935 conditionalibus
497 872 614 956 prioris
630 873 757 957 generis
769 871 962 936 subiunctivi
978 871 1105 936 relativi
1116 872 1253 936 adhibiti

142 981 218 1040 sunt
245 977 277 1039 in
309 976 516 1041 concionibus
537 976 685 1061 obliquis.
739 977 908 1042 Eiusmodi
938 978 1121 1042 sententiae·
1148 977 1253 1041 sorana

143 1084 270 1145 tuntum
288 1089 364 1145 sunt
380 1081 621 1157 conditionales,
639 1096 750 1147 revera
766 1082 919 1146 causales.
952 1086 1036 1147 Arm.
1054 1083 1116 1158 lll,
1134 1089 1195 1147 58:
1209 1121 1253 1132 —-

145 1209 260 1271 ,neque
288 1187 373 1252 aliud
404 1189 453 1252 ius
476 1210 584 1261 suum,
620 1209 716 1270 quam
746 1187 947 1252 Martialium
973 1187 1252 1272 Quirinaliumque

141 1291 324 1368 flaminum3
349 1316 445 1379 porro
462 1294 489 1357 si
513 1293 729 1357 induxissent
749 1295 940 1378 provincias,
964 1316 1022 1358 cur
1044 1293 1196 1359 Dialibus
1220 1295 1252 1357 id

142 1399 323 1480 vetitumi‘
373 1399 461 1464 llist.
486 1399 613 1474 1V‚4:
642 1397 689 1473 ,Si
713 1399 858 1484 privatus
882 1404 968 1463 esset
988 1400 1173 1473 Mucianus,
1196 1421 1252 1464 cur

143 1503 269 1590 publice
292 1504 519 1588 loquereturi‘
563 1505 672 1570 Facile
695 1505 901 1590 intelligitur,
930 1506 1063 1590 proprie
1084 1505 1162 1568 nihil
1194 1505 1251 1568 uisi

142 1630 272 1674 eausam
289 1610 426 1695 logicam
449 1610 497 1673 his
514 1612 682 1674 sententiis
698 1609 967 1674 conditionalibus
990 1609 1066 1673 addi
1086 1611 1251 1674 sententiis

143 1715 303 1800 primariis
311 1741 319 1790 ;
344 1717 389 1778 ita
405 1721 443 1780 ut
466 1717 625 1802 particula
640 1715 864 1779 conditionalis
887 1716 935 1790 ‚si‘
959 1714 1010 1778 hic
1026 1714 1162 1779 eandem
1186 1715 1252 1780 sere

142 1819 207 1884 vim
232 1819 350 1884 habeat
372 1844 409 1885 ac
429 1820 566 1885 causalis
589 1831 721 1905 ,quum‘.
757 1819 808 1887 Cf.
833 1843 904 1886 ann.
927 1820 1027 1894 Xlll‚
1049 1827 1102 1886 49.
1133 1818 1251 1908 (Parti-

141 1925 232 1990 culae
256 1927 304 2000 ,si‘
329 1928 420 1991 notio
451 1949 514 2010 qua
536 1928 662 1990 ratione
690 1927 827 1990 transire
848 1927 993 2012 potuerit
1022 1926 1054 1988 in
1076 1926 1251 1991 vimrmere

141 2031 312 2106 causalem,
336 2033 488 2118 exposuit
504 2031 546 2096 G.
568 2033 606 2096 T.
626 2034 664 2096 Α.
688 2031 860 2118 Kriigerus
883 2032 903 2095 l.
925 2054 953 2095 c.
976 2055 1008 2118 p.
1030 2038 1095 2096 815
1116 2032 1191 2096 adn.
1217 2041 1250 2108 2;

46 2130 48 2135 ’
143 2136 304 2222 Reisigius
327 2137 345 2202 l.
371 2161 397 2201 c.
421 2141 452 2218 9.
477 2137 566 2224 264.)
618 2138 694 2201 Huc
716 2137 852 2201 referam
876 2137 965 2200 illum
995 2158 1123 2221 quoque
1146 2137 1250 2202 locum

142 2262 183 2305 ex·
206 2263 279 2305 ann.
303 2242 407 2317 XlV,
434 2253 470 2306 1:
494 2241 663 2329 (Poppaea
686 2242 863 2329 queritur):
893 2280 938 2290 -
967 2240 1105 2322 ,Quodsi
1136 2266 1250 2307 nurum

141 2347 325 2433 Agrippina
347 2349 471 2413 nonnisi
495 2349 561 2412 lilio
589 2349 738 2411 infestam
761 2346 846 2411 ferre
869 2352 1031 2432 posset,
1061 2346 1252 2413 redderetur

141 2453 214 2538 ipsa·
235 2451 378 2518 Othonis
406 2455 577 2539 coniugio.‘
623 2453 706 2517 illud
735 2453 871 2537 ,quodsi
895 2455 1026 2539 proprie
1057 2453 1145 2517 nibil·
1165 2454 1251 2517 aliud

141 2563 192 2623 est
215 2560 273 2623 nisi
298 2557 427 2647 ,(quod)
451 2561 615 2643 quoniam‘
637 2564 670 2623 et
694 2560 867 2633 sententia,
902 2557 1008 2631 forma
1030 2562 1159 2631 tantum
1183 2582 1252 2624 com

142 2663 319 2745 ditionalis,
345 2686 457 2728 revera
480 2665 633 2750 exprimit
655 2687 784 2728 causam
809 2670 1003 2740 moventem,
1018 2688 1084 2754 ‚cur
1104 2665 1198 2729 reddi
1219 2686 1252 2728 se

142 2767 286 2834 Othonis
313 2770 462 2854 coniugio
493 2770 570 2833 velit
600 2769 763 2855 Poppaea.
819 2771 877 2834 Vis
906 2771 959 2834 illa
990 2791 1076 2835 mere
1103 2770 1251 2844 causalis,

141 2896 224 2959 quae
254 2873 305 2938 hie
328 2874 405 2937 insit
435 2875 467 2937 in
499 2874 657 2960 particula
680 2876 741 2950 ,si‘,
786 2876 882 2940 etiam
906 2877 1031 2940 facilius
1061 2875 1252 2962 intelligitur

140 2986 276 3068 propter
299 2980 474 3066 praelixam
506 2981 534 3044 ci
562 3002 673 3044 vocem
703 2982 830 3064 ‚quod‘,
859 3005 924 3066 qua
953 2981 1100 3046 concludi
1124 2983 1252 3047 videtur

141 3087 296 3151 hocloco
317 3087 437 3151 veritas
460 3087 637 3151 sententiae
660 3088 763 3162 exiis,
787 3110 868 3170 quae
891 3089 1095 3152 antecedunt.
1118 3088 1252 3170 (,Wenu

140 3192 308 3257 demnach‘
323 3220 357 3250 =
371 3191 450 3266 ,weil
467 3191 659 3280 demnaeb‘).
699 3194 768 3256 lam
786 3214 843 3257 eur
858 3194 1016 3257 sententia
1031 3193 1109 3258 haee
1124 3193 1252 3278 ,Agrip

141 3286 250 3385 pinam
273 3320 389 3362 nurum
413 3299 539 3362 nonnisi
561 3297 628 3360 lilio
651 3295 801 3361 infestam
824 3296 910 3362 ferre
931 3309 1036 3384 posse‘
1059 3298 1162 3362 artius
1185 3298 1251 3362 iun,

140 3408 274 3492 geretur
296 3404 501 3470 subiunctiro
524 3403 659 3466 relativo
694 3425 767 3467 cum
792 3404 926 3468 subiecti
951 3404 1110 3488 loquentis
1132 3405 1252 3489 cogita·

140 3511 238 3584 tione,
262 3511 406 3584 accessit,
431 3510 518 3594 quod
537 3532 595 3594 pro
612 3508 769 3573 obiective
792 3531 867 3572 vera
887 3509 940 3574 vix
963 3532 1034 3573 eam
1051 3509 1175 3574 referre
1198 3533 1254 3596 po·

141 3619 227 3679 terat
250 3615 394 3678 Tacitus.
417 3651 462 3662 —

231 3718 450 3784 Subiunctivis
481 3719 636 3784 absolutis
667 3720 771 3783 utitur
800 3720 934 3784 Tacitus
964 3722 995 3784 in
1023 3722 1062 3784 iis
1085 3718 1251 3785 sententiis

141 3825 333 3900 carasalibus,
357 3825 532 3909 inquibus,
556 3826 629 3889 licet
657 3826 767 3890 eadem
784 3827 910 3890 ratione
933 3847 996 3910 qua
1017 3828 1049 3890 in
1066 3829 1252 3891 anteceden·
1289 3877 1291 3880 >

141 3929 230 3995 tibus
255 3932 475 3996 subiunctivos
500 3931 650 3995 relativos
674 3930 825 3996 adhibere
843 3934 994 4017 potuerit,
1019 3939 1126 3997 tamen
1150 3935 1252 4018 inagis

140 4038 208 4102 eius
231 4039 384 4113 interest,
424 4043 462 4102 ut
484 4038 555 4124 ipsa
581 4061 632 4102 res
660 4038 817 4102 obiective
841 4060 917 4102 vcra
945 4043 1120 4125 appareat,
1155 4060 1251 4123 quam
