2670 4508
608 484 824 585 Xm.

261 657 329 720 lam
354 660 503 723 teneatur
524 656 595 735 hoc,
618 659 747 723 omnino
770 682 833 724 non
848 658 1085 725 subiunctivum
1108 658 1279 724 relativum

174 763 358 851 putandum
377 784 446 826 esse
469 785 507 826 eo
530 785 634 840 sensu,
657 787 721 848 quo
744 765 828 829 hunc
851 768 922 829 tota
943 765 1214 829 commentat—ione
1236 766 1280 827 in-

174 867 292 942 tellexi,
316 891 388 933 eum
413 869 649 934 coniunctiv‘um
674 869 864 956 imperfecti,
888 869 942 952 qui
965 892 1061 955 saepe
1085 871 1227 935 occurrit
1247 871 1279 934 in

173 972 379 1039 concionibus
409 974 548 1059 obliquis
578 998 650 1040 cum
685 977 815 1062 propria
837 974 1019 1060 imperfecti
1048 976 1204 1061 temporis
1228 999 1280 1039 no-

173 1080 278 1154 tione,
302 1083 340 1144 ut
362 1079 560 1164 significetur
581 1081 717 1166 aliquid,
750 1081 836 1166 quod
859 1082 944 1145 inter
966 1104 1033 1144 rem
1059 1082 1278 1165 praeteritam,

174 1187 300 1269 dequa
315 1185 502 1250 subiectum
512 1186 646 1269 loquens
668 1188 745 1272 egit,
770 1187 833 1252 fuit
848 1209 1009 1272 praesens,
1034 1187 1168 1270 ideoque
1185 1211 1280 1272 prop-

175 1295 225 1355 ter
240 1290 427 1356 relationem
444 1293 485 1356 ad
501 1292 582 1357 hanc
592 1293 705 1378 ipsam,
723 1317 785 1358 non
799 1296 931 1379 propter
947 1292 1133 1357 relationem
1151 1293 1192 1357 ad
1209 1293 1279 1357 sub-

174 1397 247 1461 iecti
264 1397 492 1482 cogitationem
518 1399 725 1482 praeteritam
741 1398 964 1484 imperfectum
989 1403 1117 1483 tempus
1136 1399 1278 1481 requirit.

175 1503 262 1571 Hist.
280 1503 339 1578 lV,
357 1510 415 1568 83:
435 1541 472 1551 -
491 1504 761 1579 ,Ptolemaeorum
775 1506 853 1589 regi,
869 1544 911 1553 -
925 1528 997 1568 cum
1014 1494 1281 1568 Alexandriae-‘-

176 1610 300 1674 moenia
316 1609 501 1695 templaque
516 1614 550 1674 et
565 1610 732 1695 religiones
749 1610 824 1675 aod
834 1614 940 1684 eret,
964 1609 1108 1674 oblatum
1122 1611 1279 1685 iuvenem,

176 1716 229 1799 qui
253 1711 429 1780 moneret
454 1726 517 1777 —.‘
547 1718 631 1779 Anu.
648 1717 710 1790 ΙΙΙ,
735 1724 791 1780 73:
817 1754 856 1764 -
882 1714 941 1792 ,Ne
958 1714 1117 1802 Spartaco
1140 1716 1279 1798 quidem,

174 1858 219 1868 -
230 1840 412 1905 quanquam
427 1860 464 1869 —
478 1821 663 1907 ingentibus
675 1821 764 1886 bellis
776 1821 939 1886 labaret
955 1821 1143 1906 respublica,
1157 1821 1280 1892 datum,

176 1929 213 1991 ut
228 1931 325 2013 pacto
339 1928 372 1991 in
384 1927 479 1992 fidem
495 1927 716 2012 acciperetur.‘
746 1927 832 1991 llist.
846 1927 906 2003 ΙΙΙ,
927 1935 983 1994 70:
1001 1965 1056 2002 ,-
1068 1926 1132 2014 (se)
1146 1926 1280 1991 fratrem

175 2031 364 2118 Vespasiani
382 2034 535 2096 mansisse
558 2033 589 2095 in
612 2032 684 2107 fide,
707 2032 920 2099 donecultro
942 2035 983 2097 sul
1006 2033 1207 2100 conditiones
1230 2054 1281 2096 vo-

175 2142 313 2204 caretur‘
325 2138 399 2226 (,bis
413 2163 448 2206 er
461 2176 499 2187 -
513 2138 647 2224 geladen
661 2139 855 2210 worden-sei
868 2139 943 2205 clia:
959 2138 1018 2214 ,bis
1032 2138 1081 2207 ich
1093 2177 1138 2186 --
1149 2138 1282 2223 geladeu

175 2245 317 2327 wurde‘).
340 2245 416 2315 Huc
432 2242 567 2309 referam
584 2243 763 2329 imperfecti
777 2245 997 2317 coniunctivae
1013 2245 1072 2309 hos
1086 2245 1119 2307 in
1135 2267 1208 2306 ann.
1224 2243 1281 2318 ΙΙΙ,

176 2359 216 2417 39
230 2348 380 2434 (Seianus
391 2389 436 2398 —
447 2350 612 2436 componit
624 2349 665 2413 ad
678 2347 849 2415 Caesarem
866 2350 1059 2434 codicillum:
1079 2349 1283 2425 ,Benevolen-

175 2459 220 2522 tia
232 2458 333 2544 patris
343 2457 483 2544 Augusti
496 2461 529 2520 et
542 2479 616 2520 mox
627 2454 773 2542 plurimis
783 2455 904 2529 Tiberii
913 2456 1037 2525 iudiciis
1044 2457 1090 2526 ita
1099 2456 1282 2528 insuevisse,

176 2569 212 2627 ut
235 2586 309 2652 spes
324 2569 463 2647 votaque
486 2585 545 2626 sua
566 2584 629 2626 non
646 2562 736 2648 prius
757 2561 902 2637 addens,
925 2584 1023 2645 quam
1040 2562 1081 2626 ad
1102 2563 1282 2648 principum

175 2691 269 2734 aures
299 2669 514 2735 conferret
544 2666 661 2754 (germ.
691 2668 877 2742 dincnlass
906 2666 957 2732 ich
984 2704 1030 2717 -
1058 2667 1194 2747 (seither
1225 2667 1282 2729 iur-

177 2781 257 2858 mer)
280 2813 324 2823 -
347 2773 513 2855 brachte‘).
537 2813 582 2838 -τ
597 2758 762 2848 Attamen,
798 2773 886 2857 quod
902 2771 1174 2859 pulcherrimum,
1190 2772 1283 2858 adep-
1326 2796 1328 2799 ·

177 2887 256 2958 tum,
280 2887 317 2946 ut
339 2880 562 2946 coniunctione
590 2877 738 2945 Caesaris
762 2878 878 2964 dignus
894 2879 1079 2950 crederetur
1100 2878 1181 2958 (scil.
1202 2883 1283 2952 tum,

177 3010 276 3072 quum
300 3009 391 3052 socer
413 2987 478 3053 filio
503 2984 641 3051 Claudio
662 2985 880 3053 destinaretur
902 2982 942 3048 cf.
966 2984 1034 3051 111..
1054 2988 1117 3064 29).

551 4088 575 4136 p.
593 4068 628 4122 30
646 4085 692 4135 pro
710 4068 789 4131 ,XIV‘
807 4069 825 4118 Ι.
843 4065 920 4128 ,xm
