2670 4508
561 175 770 268 ΔΕΜ

108 364 222 458 tentia,
238 402 321 464 qnae
329 379 481 444 adiuncta
489 364 903 465 estsententiae'prinrnriae
915 377 1137 442 coniunctione
1147 372 1220 440 cau-

108 484 179 563 sali,
189 495 263 551 'non'
271 485 458 573 simpliciter
469 486 601 570 loquens
614 485 769 571 exprimit
780 484 836 560 rei,
853 484 894 547 de
904 485 968 567 qun
979 482 1133 566 loquitur,
1149 496 1220 545 caua

108 606 178 655 nam
194 590 396 665 efficientem,
413 591 471 656 sed
487 612 617 656 causam
634 595 691 654 aut
707 589 849 674 logicam¹
860 592 917 652 aut
931 592 1120 660 moventem,
1138 607 1220 670 quae
1243 626 1248 640 -

107 697 229 762 seilicet
240 697 329 761 illum
341 697 458 782 ipsum,
474 701 512 761 ut
523 701 580 761 aut
591 697 638 760 ita
651 699 781 783 putaret
794 680 850 760 aut
866 695 913 758 ita
925 692 1054 768 faceret,
1068 692 1219 756 adduxit.

108 785 148 867 ln
163 802 319 868 eiusmodi
336 802 419 867 enim
435 802 601 867 sententiis
617 803 720 888 magis
731 805 781 866 est
793 823 892 887 agens
909 797 1043 863 subiecti
1061 798 1220 882 loquentis

110 915 199 973 mens
222 912 320 992 atque
343 907 477 982 animus,
502 912 656 992 reputans
679 910 719 972 de
742 929 786 981 re,
811 931 830 969 a
851 925 919 990 qua·
939 927 1068 968 causam
1089 904 1220 990 repetit,

108 1012 142 1078 irl
166 1015 254 1099 quod
284 1014 437 1099 exprimit
464 1013 600 1077 Tacitus
630 1013 661 1075 in
693 1011 909 1077 concionibus
928 1010 1066 1094 obliquis
1097 1009 1159 1084 ita,
1183 1002 1221 1072 ut

109 1116 321 1184 subiunctivis
342 1119 484 1183 relativis
510 1118 624 1182 relatio
647 1119 825 1182 sententiae
846 1117 888 1181 ad
911 1117 996 1192 eius,
1020 1115 1112 1179 cuius
1134 1115 1221 1179 dicta

108 1226 230 1302 narrat,
254 1223 462 1310 praeteritam
476 1223 721 1308 cogitationem,
747 1222 916 1309 perspicua
939 1223 992 1286 sit.
1037 1222 1123 1286 Anu.
1140 1220 1221 1296 XV,

110 1335 171 1394 θῦε
190 1327 342 1417 (Seneca)
363 1329 660 1415 interritus÷·÷p0soit
682 1314 868 1393 testamenti
893 1327 1034 1403 tabulas3
1058 1348 1105 1400 ac,
1128 1326 1220 1390 dene·

109 1439 216 1521 gente
231 1435 428 1510 centurione,
451 1457 624 1517 conversus
647 1436 688 1498 ad
708 1435 836 1509 amicos,
860 1433 999 1518 ‚quando
1025 1432 1148 1496 meritis
1170 1452 1220 1495 eo-

108 1562 181 1604 rnrn
205 1538 326 1604 referre
349 1542 487 1626 gratiam
519 1538 836 1628 prohiberetur,
865 1538 952 1624 quod
975 1560 1074 1602 unum
1098 1538 1162 1602 iarn
1186 1541 1220 1601 et

109 1651 219 1710 tamen
242 1645 492 1732 pulcherrimum
509 1645 635 1722 habeat,
659 1647 830 1732 imaginem
847 1647 933 1710 vitae
949 1665 1027 1708 snae
1042 1643 1221 1727 relinquere

109 1754 252 1815 testatur
265 1762 332 1814 —-‘.
377 1753 461 1816 Ann.
479 1752 538 1828 Vl,
557 1759 614 1816 48:
640 1752 816 1816 Arruntius
840 1754 953 1838 (quum
972 1750 1149 1843 maiestatis
1171 1771 1220 1814 ao

109 1860 241 1920 casatus
258 1843 394 1921 mortem
417 1856 477 1921 sibi
500 1858 643 1922 conscire
658 1856 779 1945 vellet.)
801 1857 1039 1921 cunctationem
1064 1861 1097 1920 et
1114 1877 1220 1919 moras

108 1961 319 2026 suadentibus
342 1963 469 2039 amicis,
499 1985 563 2027 non
586 1965 698 2027 eadem
722 1961 870 2054 omnibus
894 1961 1220 2047 decorarespondit:

108 2065 191 2142 ,Sibi
214 2068 293 2130 satis
321 2052 460 2144 aetatis,
490 2090 593 2152 neque
620 2068 707 2132 aliud
729 2054 972 2155 paenitendum,
993 2053 1103 2154 <uuam
1133 2067 1220 2151 quod

108 2173 194 2237 inter
216 2172 355 2238 ludibria
377 2178 410 2237 et
434 2174 576 2260 pericula
599 2174 725 2238 cinxiam
750 2177 910 2238 senectam
927 2174 1142 2250 toleravisset,
1165 2175 1222 2238 diu

109 2276 237 2354 Seiano,
260 2301 345 2344 nunc
358 2279 517 2354 Macroni,
540 2302 667 2366 semper
689 2280 783 2345 alicui
798 2283 980 2366 potentium
1002 2281 1132 2357 invisus,
1157 2286 1224 2345 non'·

108 2383 221 2470 culpe,
251 2383 307 2448 sed
335 2389 372 2449 ut
394 2384 592 2472 flaffltiorirm
617 2387 811 2472 impatiens!
841 2424 885 2433 -
916 2386 982 2450 Sed
1005 2385 1091 2451 hunc
1112 2387 1218 2451 locum

108 2491 198 2573 quod
220 2491 355 2564 attinet,
382 2491 416 2554 id
440 2513 568 2575 quoque
591 2491 768 2554 notandum
791 2492 937 2569 videtur,
969 2493 1071 2579 magis
1098 2492 1220 2557 referre

106 2593 169 2671 hic,
192 2599 230 2658 ut
252 2596 293 2658 ad
309 2596 414 2681 ipsum
439 2595 498 2659 viri
521 2596 662 2660 animum
683 2595 821 2660 nobilem
846 2596 1070 2682 doloremque,
1093 2598 1148 2682 qui
1165 2597 1219 2663 illa

107 2699 176 2764 eius
199 2702 359 2765 sententia
382 2705 547 2788 appareat,
571 2724 630 2766 nos
652 2706 834 2779 vertamus,
859 2725 954 2788 quarn
978 2703 1020 2767 ad
1043 2705 1220 2768 sententiae

108 2806 294 2882 materiem3
319 2808 407 2890 quod
429 2830 467 2872 eo
490 2808 593 2894 magis
617 2805 734 2894 opinor
750 2808 896 2885 valuisse,
921 2815 957 2873 ut
980 2808 1222 2874 subiunctivum'

107 2911 277 2976 relativum
296 2912 463 2977 adhiberet
480 2915 630 3001 scriptor,
647 2915 733 2999 quod
750 2914 954 2979 subiunctivo
970 2914 1119 2979 absoluto
1135 2915 1219 2979 dein-

108 3039 184 3103 ceps
207 3017 249 3081 ad
269 3018 463 3083 afferendam
488 3021 665 3084 sententiae
688 3018 822 3084 subiecti
845 3043 974 3085 causam
999 3020 1133 3106 logicam
1159 3021 1219 3085 uti-

108 3126 173 3200 tur,
198 3126 236 3187 ut
258 3130 326 3198 res,
343 3145 425 3208 quae
442 3124 642 3210 significetur
658 3123 815 3190 obiective
830 3147 915 3201 vera,
940 3132 1107 3212 appareat.
1128 3125 1217 3213 (‚An‚

108 3250 181 3292 cum
204 3228 354 3293 Tiberius
385 3235 461 3315 post
484 3235 608 3294 tantam
638 3253 745 3296 rerum
769 3220 999 3317 experientiam
1026 3232 1056 3296 vi
1078 3232 1219 3296 domina

107 3334 205 3398 tionis
221 3334 392 3400 convulsus
410 3339 449 3399 'et
472 3340 618 3400 mutatus
641 3338 692 3412 sit,
718 3335 837 3402 Gaium
855 3326 1029 3401 Caesarem
1052 3338 1106 3401 vix
1127 3320 1223 3402 finita¹

107 3440 256 3525 pueritia,
280 3441 428 3526 ignarum
446 3442 587 3506 omnium
613 3448 669 3508 aut
693 3443 839 3528 pessimis
858 3443 1062 3516 innutritum,
1086 3442 1218 3507 meliora

107 3545 342 3630 capessiturum
371 3547 528 3612 Macrone
556 3548 691 3635 ‹lucei‘)
735 3547 805 3623 Xl‚
832 3556 888 3612 172
919 3547 1003 3623 ,Non
1031 3549 1114 3612 enim
1138 3550 1218 3613 irru-

107 3649 194 3734 pisse
209 3651 251 3714 ud
266 3652 394 3726 invitos,
419 3653 475 3716 sed
491 3654 639 3718 accitum‘
663 3653 863 3719 memorabat
883 3651 1055 3741 (Italicus),
1078 3654 1217 3738 ,quando

106 3753 416 3823 nobilitatcceteros
438 3759 617 3825 anteiret.
634 3798 679 3807 —
700 3758 826 3823 —Nec
842 3765 968 3844 patrem
984 3758 1105 3835 rubori,
1130 3759 1218 3844 quod

106 3860 204 3924 fidem
244 3862 397 3926 adversus
433 3864 598 3928 Romanos
631 3864 815 3928 volentibus
850 3863 1022 3930 Germanis
1053 3871 1217 3951 sumptam

106 3975 271 4058 nunquam
290 3969 522 4034 'omisisset‘
552 3970 787 4035 —Posterius
816 3970 876 4036 hoc
904 3972 1057 4062 exprimit
1084 3971 1216 4054 aliquid,

107 4072 195 4156 qnod
218 4072 279 4160 ipsi
303 4072 447 4139 subiecto
470 4075 613 4160 loquenti
643 4081 693 4141 est
715 4099 813 4141 creusa
836 4062 996 4144 movens·
1022 4077 1117 4142 Prius
1140 4098 1218 4142 vero
