2670 4508
110 414 236 457 mecum
259 393 525 467 communicavit,
540 380 742 478 cornpertum
765 391 947 456 habeos-
973 391 1081 456 Huius
1103 391 1131 454 si
1153 408 1222 455 seu-

109 498 232 562 tentiae
253 499 287 562 in
309 498 492 562 universum
510 497 637 580 quidem
661 497 788 573 accedo,
812 496 907 561 simul
929 499 1037 560 tamen
1054 495 1220 572 concludo,

109 605 182 690 ipso
205 603 277 679 illo,
308 626 402 687 quem
426 626 485 668 nec
508 603 720 690 grammatica
743 624 800 667 nec
828 602 934 689 logica
955 603 1041 666 ratio
1062 602 1160 666 certis
1183 622 1221 665 sc

110 709 311 796 'generalibus
334 709 460 795 legibus
483 708 674 784 obstrinxit,
698 708 863 773 liberrimo
885 730 963 783 usu,
991 706 1125 792 singulis
1146 707 1221 771 scri-

110 816 259 901 ptoribus
282 814 353 879 dari
381 816 540 900 spatium,
571 818 610 879 ut
636 836 729 878 suum
753 815 888 898 quisque
918 813 1085 901 proprium
1109 833 1147 877 ac
1168 833 1217 898 pe

109 920 229 985 ¹culiare
251 921 283 983 in
306 920 442 984 diceudo
471 921 635 1006 ingenium
660 919 759 984 libere
781 924 959 984 exerceant.
1003 919 1057 983 Ex
1080 941 1145 1002 quo
1168 940 1221 1004 ap-

111 1032 225 1112 paret,
257 1024 360 1112 probe
381 1047 477 1112 posse
498 1047 598 1089 unum
626 1025 764 1109 aliquem
788 1026 980 1111 scriptorem
1005 1046 1083 1111 prae
1104 1024 1220 1088 ceteris

109 1132 194 1218 eligi,
216 1132 308 1196 cuius
322 1132 494 1217 singularis
507 1132 542 1194 in
559 1152 603 1207 re,
626 1131 667 1196 de
683 1153 747 1214 qua
761 1131 880 1217 agitur,
904 1152 981 1195 usus
1005 1130 1221 1216 perquiratur.

534 1400 798 1408 .—--—-.--..-..-

571 1773 573 1776 ,
595 1661 733 1771 ΠΙ.

197 1870 358 1954 Equidem
383 1870 794 1956 potissimum'Cornelium
816 1869 979 1942 Tacitum,
1002 1868 1166 1952 quomodo
1188 1867 1221 1931 in

109 1976 315 2040 concionibus
339 1976 478 2060 obliquis
501 1977 695 2041 coniunctivi
719 1975 920 2063 temporibus
943 1975 986 2038 sit
1008 1996 1097 2049 usus,
1120 1972 1221 2037 consi-

108 2082 286 2145 derandum
312 2083 389 2146 mihi
412 2084 577 2169 proposui,
603 2084 691 2166 quod
713 2083 800 2166 apud
822 2103 895 2145 eum
919 2081 951 2144 in
973 2080 1033 2144 hac
1055 2103 1102 2158 re,
1126 2080 1219 2155 sicut,

108 2191 294 2252 extraneam
326 2190 464 2274 speciem
488 2189 576 2272 quod
604 2189 739 2262 attinet,
770 2208 927 2251 summam
959 2185 1219 2260 inconstantiam,

107 2294 166 2367 ita,
190 2294 375 2357 interiorem
397 2295 424 2358 si
448 2295 616 2380 perquiras
632 2295 802 2368 rationem,
819 2297 1003 2357 accuratam
1019 2291 1220 2377 diligentiam

106 2403 142 2463 et
163 2398 244 2485 legis
267 2400 362 2463 unius
391 2422 430 2464 ac
451 2402 631 2465 constantis
653 2403 879 2482 certorumque
907 2396 1091 2482 regularum
1115 2397 1221 2460 obser-

106 2505 270 2569 vationem
288 2504 390 2590 magis
403 2528 499 2590 quarn
515 2507 601 2592 apud
619 2505 698 2570 alios
714 2504 886 2569 historicos
901 2524 1051 2566 romanos
1066 2502 1220 2588 reperias.

186 2610 338 2674 Ratione
368 2632 405 2674 ac
433 2611 568 2676 consilio
596 2611 698 2697 igitur
719 2610 854 2674 Tacitus
884 2610 970 2672 inter
999 2607 1220 2672 subiunctivos

106 2713 275 2780 absolutos
290 2700 325 2780 et
339 2717 491 2782 relativos
503 2717 667 2804 eleganter
678 2716 863 2780 distinxisse
879 2714 956 2779 mihi
968 2714 1105 2790 videtur,
1119 2736 1219 2798 quum

107 2844 148 2886 ex
179 2822 251 2907 ipsa
273 2823 523 2898 sententiarum,
553 2846 634 2907 quas
662 2821 789 2896 narrat,
819 2825 937 2885 natura
958 2820 1086 2906 potius,
1121 2842 1219 2904 quam

105 2926 247 2991 fortuito
271 2929 368 2992 modo
390 2929 449 2994 lros
473 2931 571 2994 modo
591 2928 664 2993 illus
687 2927 878 2993 adhibuerit.
908 2927 948 2991 ld
964 2948 1039 2991 vero
1056 2925 1220 3010 quomodo

107 3054 147 3096 ex
171 3036 385 3118 utrorumque
408 3035 686 3100 subiunctivorum
711 3034 864 3118 genuina,
888 3054 985 3116 quam
1009 3030 1219 3117 temporalem

107 3160 177 3202 esse
199 3140 341 3215 ostendi,
365 3140 396 3204 vi
418 3146 506 3205 recte
526 3140 595 3204 lieri
620 3141 737 3226 possit,
760 3139 824 3203 iam
847 3137 1134 3203 demonstrandum
1158 3140 1219 3200 est.

108 3242 329 3309 Subiunctivis
346 3245 498 3322 relativis,
524 3251 560 3310 ut
582 3246 786 3332 Hoeggius
810 3245 937 3319 statuit,
961 3243 1064 3307 artius
1086 3243 1220 3328 iungun-

108 3352 170 3412 tur.
186 3372 299 3415 sensus
321 3333 498 3427 dictorum,
529 3351 584 3436 qui
607 3349 739 3433 obliqua
762 3350 909 3414 oratione
931 3353 1122 3423 narrantur,
1145 3370 1218 3412 oum

104 3456 177 3540 ipsu
198 3456 377 3542 praeterita
399 3457 526 3522 actione
548 3456 745 3530 enuntiandi,
768 3457 829 3532 vel,
853 3460 891 3520 ut
913 3456 1042 3519 redeam
1065 3455 1106 3518 ad
1128 3454 1218 3530 illud,

107 3561 195 3644 quod
217 3561 466 3648 detemporum
490 3563 715 3627 consecutione
738 3584 837 3648 supra
858 3563 891 3626 in
915 3562 1097 3624 universum
1122 3560 1220 3646 expli-

104 3667 192 3740 cavi,
224 3668 401 3732 senteutiae
423 3669 587 3754 cogitatae
609 3666 795 3732 referuntur
817 3668 858 3731 ad
882 3668 984 3752 ipsam
1008 3667 1218 3753 praeteritam

106 3772 259 3846 subiecti,
289 3795 309 3835 a
334 3794 399 3856 qao
421 3773 667 3859 cogitabantur,
697 3774 937 3859 cogitationem.
989 3771 1085 3851 Quae
1105 3772 1219 3836 relatio

106 3876 284 3963 negligitur
298 3877 510 3943 subiunctivis
533 3878 689 3942 absolutis
704 3879 829 3943 ratione
846 3877 908 3952 illa,
932 3900 1014 3962 quae
1028 3879 1069 3942 ab
1092 3878 1219 3962 Hoeg-

105 3984 171 4069 gio
193 3990 243 4048 est
266 3985 433 4070 explicata.
467 3986 535 4048 lam
558 3984 653 4048 facilc
675 3984 875 4070 intelligitur,
899 3984 960 4052 illis
975 3984 1068 4059 ellici,
1090 3989 1127 4047 ut
1148 3983 1220 4069 ipsa

106 4088 276 4175 peculiaris
305 4089 439 4154 subiecti
472 4091 629 4176 cogitatio
652 4092 699 4154 vel
731 4091 815 4154 actio
847 4093 947 4174 atquo
968 4111 1068 4176 opera
1092 4089 1217 4163 mentis,
