2670 4508
639 177 680 234 24

106 377 210 468 g'enns
232 379 456 466 explicandum
479 385 530 445 est
551 381 592 445 iis
613 377 701 455 locis,
726 381 758 445 in
779 380 898 465 quibus
913 385 1045 466 tempus
1059 379 1218 457 futurum,

107 486 196 570 quod
212 486 309 550 estin
329 486 474 572 epodon,
498 484 626 550 trahere
642 485 770 550 videtur
785 485 826 550 ad
840 487 1061 572 vaccipiendum
1079 486 1217 551 alterum

107 610 218 678 genus
262 592 300 654 ln
321 592 479 657 eiusmodi
511 592 669 678 exemplis
689 613 741 668 ea,
773 613 855 676 quae
877 592 1003 678 protasi
1025 596 1059 656 et
1083 592 1219 677 apodosi

106 698 272 786 dicuntur,
297 697 486 782 plerumque
501 721 565 762 non
581 699 702 761 cudunt
717 697 897 761 necessario
912 697 945 761 in
961 720 1060 761 unum
1078 697 1218 783 tempus,

107 801 165 867 sed
187 802 351 877 futurum,
376 802 463 886 quod
486 804 590 868 estin
615 802 761 888 spodosi
784 784 885 866 etiam
908 803 994 868 valet
1016 804 1090 868 inde
1113 803 1156 866 ab
1182 825 1218 866 eo

108 912 266 994 tempore,
281 930 347 992 quo
360 909 502 993 positum
515 907 593 972 illud
605 909 636 971 in
646 911 771 994 protasi
782 910 845 972 iam
854 931 966 973 verum
979 913 1039 974 est.
1055 910 1146 977 llist.
1157 909 1218 983 lll·‚

111 1021 150 1079 19
161 1037 172 1077 ε’
208 1008 276 1079 Nec
306 1015 470 1078 Antonius
500 1013 586 1078 ultre
613 1014 746 1091 institit,
779 1037 903 1079 memor
935 1014 1055 1078 laboris
1085 1037 1125 1079 ae
1154 1013 1219 1077 vul·-

14 1179 16 1184 s
108 1141 220 1185 nerum
237 1159 292 1183 -.
323 1117 534 1207 -·(Milites)
552 1115 1004 1206 Cremonam*enpugnare
1020 1119 1217 1205 deposcunt:

107 1243 152 1274 '-
175 1223 314 1304 ‚Quodsi
338 1224 439 1289 lucem
457 1226 678 1312 opperiantur,
700 1227 765 1290 iam
790 1247 901 1310 preces
923 1230 957 1288 et
979 1247 1041 1310 pro
1056 1224 1168 1289 labore
1184 1247 1220 1288 ac

106 1328 290 1394 volneribus
312 1329 513 1395 clementiam
537 1337 571 1395 et
591 1331 743 1416 glorians-
763 1332 878 1405 inania,
903 1330 1045 1406 laturos3
1069 1329 1127 1394 sed
1141 1351 1219 1415 opes

109 1435 378 1502 Cremonensium
402 1437 435 1500 in
457 1437 529 1502 sinu
545 1437 783 1522 praefectorum
800 1436 1047 1522 legatorumque
1067 1434 1159 1498 fore‘
1175 1472 1220 1483 —-

109 1543 459 1627 immoderantia
485 1542 693 1607 conditionali
715 1543 864 1628 ponitur,
893 1565 933 1606 ex
964 1545 1057 1626 parte
1079 1541 1143 1604 ianr
1169 1547 1220 1604 est

108 1670 239 1722 serum,
271 1649 355 1712 sicut
377 1648 482 1712 elucet
503 1664 544 1712 ex
567 1647 831 1712 antecedentibus
862 1647 923 1711 illis
955 1645 1035 1723 ,Nec
1057 1647 1220 1710 Antonius

107 1755 195 1818 ultra
211 1755 343 1817 institit‘
357 1777 412 1822 -4
427 1755 512 1818 Anu.
531 1755 556 1828 l,
576 1760 634 1817 29:
651 1753 781 1827 ‚Flexos
798 1754 839 1817 ad
855 1753 1046 1818 modestiam
1063 1753 1089 1816 si
1102 1751 1219 1827 videat,

107 1861 136 1925 si
159 1860 320 1946 supplices
344 1859 464 1936 audiat,
488 1860 686 1944 scripturum
709 1860 806 1946 patri,
831 1862 867 1922 ut
888 1859 1033 1944 placatus
1055 1857 1219 1944 legionum

110 1966 431 2054 preces-exciperet‘
477 1963 704 2030 Conseruntur
720 1987 767 2038 sa,
791 1956 1094 2049 quassaquuntur'r
1122 1963 1220 2039 ,Tum

111 2072 218 2137 redire
242 2071 397 2157 paulatim
414 2093 508 2134 amor
524 2070 681 2154 obsequii‘
698 2075 761 2134 etc.
791 2075 874 2138 Ann.
892 2070 954 2144 lll,
971 2075 1031 2134 34:
1051 2067 1220 2155 (Valerius

107 2178 279 2265 respondit
295 2177 417 2242 Severo
432 2174 600 2248 Caecinae,
618 2178 672 2260 qui
689 2181 866 2249 censuerat,
883 2196 1034 2258 nequem
1053 2174 1221 2258 magistra·

109 2288 192 2359 tum,
217 2284 268 2348 cui
285 2283 449 2368 provincia
468 2281 661 2355 obvenisset,
685 2304 768 2345 uxor
784 2279 1027 2367 comitaretur):
1044 2319 1087 2332 -
1102 2278 1221 2355 ‚Sisnul

110 2409 224 2455 sexum
250 2396 366 2452 natura
381 2387 555 2452 invalidum
573 2387 677 2450 deseri
693 2391 726 2450 et
746 2387 862 2471 exponi
879 2408 937 2449 suo
953 2385 1043 2460 luxu,
1066 2384 1222 2470 cupidini-

108 2492 308 2560 busalienis.
339 2493 405 2558 Vix
427 2493 589 2579 praesenti
605 2492 752 2557 custodia
776 2513 904 2554 manere
919 2490 1039 2556 inlaeso
1047 2491 1220 2575 coniugiar

109 2599 187 2685 quid
204 2600 284 2676 fore,
300 2600 327 2662 si
343 2621 401 2684 per
414 2598 521 2684 plures
533 2621 634 2663 annos
645 2598 677 2661 in
692 2597 822 2661 modum
835 2597 960 2661 discidii
972 2596 1222 2671 oblitterent-arf

109 2705 184 2772 Hoc
212 2705 284 2770 loco
314 2706 378 2768 iam
408 2704 573 2768 infinitivis
604 2704 666 2768 illis
696 2703 890 2788 praesentis,
924 2703 979 2786 qui
1012 2703 1221 2776 antecedunt,

110 2812 226 2890 ‚deseri
248 2815 283 2874 et
305 2793 439 2895 exponi-‘¹
449 2809 642 2884 ostenditur,
666 2808 827 2872 sententia
850 2808 903 2872 illa
918 2806 1127 2872 conditionali
1145 2809 1222 2893 poni

110 2916 232 3001 aliquid
254 2939 315 3003 pro
340 2937 416 2979 vero
439 2916 472 2979 iu
495 2914 666 3001 praesenti,
690 2918 729 2978 ut
744 2915 867 2978 maiore
882 2915 913 2978 si
928 2913 1128 2977 audientium
1145 2918 1223 2977 ante

108 3023 221 3089 caulos
246 3025 397 3108 ponatur,
421 3021 500 3105 quid
522 3043 563 3085 ex
581 3018 740 3086 Caecinae
760 3021 931 3093 sententia,
954 3021 982 3082 si
999 3018 1112 3092 valeat,
1134 3017 1222 3082 lmud

109 3128 208 3194 dubie
230 3131 393 3211 sequatur.
426 3125 478 3192 Cf.
501 3148 585 3210 quae
607 3127 756 3212 exposita
777 3130 853 3190 sunt
873 3148 974 3212 supra
989 3147 1020 3210 p.
1038 3131 1080 3188 23
1095 3123 1222 3188 deloco

109 3234 166 3300 illo
189 3255 262 3299 ann·
286 3232 385 3308 xlv,
410 3240 440 3297 3.
479 3233 565 3296 Ann.
588 3233 650 3308 lll,
674 3239 733 3297 342
757 3231 895 3296 Addidit
910 3231 1040 3294 Drusus
1063 3252 1165 3316 panon
1181 3229 1223 3293 dc

108 3339 320 3406 matrimonio
342 3360 418 3402 suo:
438 3374 484 3387 --
506 3337 562 3414 ,Se
584 3359 712 3421 quoque
729 3338 768 3400 -in
783 3337 947 3422 Illyricum
971 3335 1159 3422 proiectum
1178 3339 1221 3409 et,

111 3447 207 3512 siita
234 3444 451 3519 conducat,
487 3444 564 3508 alias
595 3443 637 3507 ad
667 3446 780 3529 gentes
808 3444 946 3516 iturum,
977 3441 1064 3505 haud
1094 3462 1223 3526 semper

110 3568 214 3636 aequo
227 3573 310 3616 cum
327 3550 444 3626 animo,
468 3549 495 3613 si
517 3547 558 3615 ab
581 3571 682 3613 uxore
696 3549 864 3614 carissima
878 3551 913 3612 et
935 3553 986 3612 tot
1000 3547 1222 3610 communium

110 3658 286 3723 liberorum
303 3659 437 3743 parente
452 3655 680 3721 divelleretur.‘
694 3694 739 3702 »-
754 3654 869 3719 Priore
884 3654 1046 3717 sententia
1068 3653 1224 3717 conditio

110 3762 175 3829 nali
199 3767 335 3848 urgetur
350 3761 455 3827 solum
471 3760 560 3835 illud,
584 3760 672 3844 quod
688 3782 772 3824 nexu
788 3760 873 3824 inter
888 3759 1034 3845 protasia
1055 3763 1088 3822 et
1104 3758 1224 3843 epodo

110 3870 161 3935 sin
183 3868 361 3933 necessario
384 3869 509 3931 nitatur
525 3888 664 3941 verum„
680 3865 794 3930 Altera
809 3887 886 3930 vero
902 3865 1079 3951 opponitur
1101 3864 1223 3947 aliquid

110 3989 136 4039 a'
153 3974 306 4058 loquente
327 3973 438 4037 lictum
462 3972 505 4051 ei,
535 3972 622 4055 qirod
644 3973 675 4036 in
700 3971 861 4057 praesenti
881 3976 934 4034 est
961 3992 1088 4034 verunt:
1117 3968 1225 4044 ,Nuus

110 4081 144 4145 id
168 4103 271 4166 aequo
293 4103 369 4144 cum
391 4079 499 4143 animo
521 4077 621 4154 liscio,
653 4077 796 4145 ssd—nos
824 4097 929 4160 aequo
952 4097 1025 4140 cum
1049 4075 1160 4139 animo
1180 4074 1225 4139 ft·
