2670 4508
162 372 290 436 stimmt
313 371 439 437 werden
463 371 607 452 kdnnte).
637 368 719 448 ΧΗ,
747 381 807 438 10:
828 409 873 423 --
888 369 985 446 ,ldae
1007 393 1120 457 regum
1142 370 1275 437 obsides

162 477 280 542 liberos
297 477 385 550 oderi,
406 480 454 551 ut,
479 476 506 541 si
529 475 703 543 domestici·
719 477 854 564 imperii·
868 477 1014 552 taedeat,
1035 477 1081 542 sit
1103 462 1274 563 regressam

159 583 207 653 ad
227 580 404 670 principem
427 585 620 669 patresque,
653 605 792 667 quorum
816 581 959 648 moribus
990 571 1193 648 assuefactus
1214 606 1273 649 rex

163 689 275 754 melior
295 687 629 754 adscisceretur<
653 686 718 776 (wo
740 688 826 754 dana
847 689 899 752 ein
923 709 964 752 an
980 687 1077 752 deren
1091 688 1205 753 Sitten
1223 711 1274 774 ge-

163 794 308 860 wdhnter
352 793 497 859 besserer
536 793 650 878 Konig
686 792 932 879 herbeigeruleu
968 793 1094 858 werden
1131 792 1273 883 kdnne).

133 967 135 970 ,
162 901 250 966 Hist.
269 900 331 974 lll,
357 906 457 963 22-
471 897 662 984 ,Superesse
679 899 879 985 Vespasiano
897 921 996 974 mare,
1011 899 1138 974 classes,
1163 900 1274 963 studia
1293 940 1294 943 =

163 1007 420 1094 provinciarum,
450 1027 508 1091 per
536 1026 615 1088 quos
645 1004 735 1070 velut
764 1005 902 1070 alterius
920 1005 993 1070 belli
1023 1004 1138 1068 molem
1162 1005 1272 1069 cieret‘

161 1114 206 1192 (in
219 1113 377 1177 deneu-
389 1133 424 1173 er
435 1109 708 1196 erregenko'nne).
725 1110 811 1178 Hist.
826 1111 954 1187 1V,69:
971 1110 1143 1175 Deterruit
1155 1110 1273 1196 pleros-

162 1241 225 1303 que
247 1215 483 1300 provinciarum
507 1214 698 1279 aemulatio:
723 1212 833 1295 ,Quod
857 1215 940 1301 bello
957 1216 1077 1302 caput?
1109 1213 1207 1280 Unde
1224 1217 1272 1280 ius

161 1321 405 1407 auspiciumque
432 1308 729 1406 peterentur?
761 1319 885 1400 Quam,
919 1323 946 1386 si
969 1326 1086 1386 cuncta
1115 1344 1272 1408 prospere

161 1423 358 1501 evenissent,
380 1425 488 1491 sedem
512 1426 649 1511 imperio
672 1427 856 1513 legerentl‘
900 1427 942 1502 ll,
961 1422 1022 1492 74J:
1048 1426 1272 1510 Vespasianus

76 1594 81 1603 .
163 1532 261 1599 modo
278 1533 314 1596 in
336 1552 427 1619 spem
450 1535 587 1606 erectus,
612 1532 709 1596 modo
730 1531 866 1612 adversa
885 1531 1078 1620 neputabatr
1102 1529 1199 1611 ,Quis
1215 1532 1271 1596 ille

162 1639 231 1704 diss
260 1638 405 1712 foret,
427 1657 491 1721 quo
522 1638 693 1722 sexaginta
726 1639 974 1709 astatisaanos
1003 1644 1037 1703 et
1069 1638 1152 1701 dnos
1189 1637 1272 1701 lilios

162 1746 296 1808 iuvenes
320 1740 405 1807 bello
427 1744 715 1828 permitteret‘
734 1744 832 1824 (Was
849 1744 956 1809 werdo
975 1744 1034 1808 das
1056 1743 1110 1807 fur
1133 1743 1184 1807 ein
1200 1743 1273 1829 Tag

160 1849 238 1924 scin,
260 1871 301 1912 aa
326 1847 476 1913 wel‘clrem
497 1871 534 1913 er
556 1886 601 1897 -
623 1848 853 1936 saheimgeben
877 1849 1015 1938 rvsrde)l
1063 1849 1149 1912 Anu.
1172 1849 1271 1925 XlV,
1313 1855 1316 1861 '

62 1968 63 1971 ’
160 1962 221 2021 tl:
244 1993 289 2004 -·-
310 1954 435 2030 ,ducem
452 1959 578 2019 tantum
596 1953 745 2030 defuisse,
769 1956 825 2039 qui
848 1955 946 2020 anatis
961 1953 1058 2018 rebus
1073 1953 1168 2019 facile
1183 1972 1273 2041 repe

160 2063 292 2126 rirstur‘
313 2060 434 2143 (werde
456 2059 619 2144 gcfunden
649 2061 803 2143 werden}
856 2061 947 2137 ΧΗ,
979 2066 1017 2123 6:
1046 2095 1092 2122 -τ
1113 2057 1194 2134 ,Neo
1215 2061 1272 2124 diu

160 2165 414 2252 anquirendum,
443 2166 519 2249 quin
542 2165 725 2252 Agrippina
746 2166 940 2231 claritudine
961 2165 1089 2251 generis
1111 2165 1272 2265 anteiret!

158 2271 298 2360 (Sensus
321 2275 373 2335 est
393 2269 460 2335 hicr
484 2269 575 2346 ,Und
597 2293 671 2336 man
694 2270 835 2336 brauche
848 2271 946 2336 -nidlrt
961 2271 1054 2356 lange
1076 2269 1272 2352 ausucheu,

51 2395 56 2405 ·
159 2377 243 2442 ohne
277 2377 351 2441 dass
386 2396 466 2441 man
491 2375 643 2450 einselren
679 2377 828 2453 avendo,
869 2377 945 2440 dass
973 2413 1017 2425 --
1047 2373 1269 2462 personage}

160 2482 213 2550 cf.
236 2481 436 2568 Nipperd.
459 2479 548 2545 adh.
566 2483 610 2564 1.).
634 2481 739 2557 XVI,
763 2489 826 2547 262*
846 2518 890 2533 -
913 2481 983 2558 ,Ut
996 2479 1158 2546 Neronem
1182 2480 1271 2566 flagi·

158 2590 283 2653 tiorum
308 2587 414 2674 pudor
437 2586 767 2676 caperet-(erganisen
780 2587 919 2674 ⁴werde),
942 2589 1040 2652 inrita
1061 2607 1120 2672 spe
1133 2587 1271 2672 agitari,

159 2692 327 2778 multoque
350 2693 453 2778 magis
475 2693 665 2768 timendum,
687 2714 727 2758 ne
743 2697 775 2758 in
790 2694 976 2780 coniugem,
993 2695 1026 2758 in
1041 2691 1207 2764 dimitiam.
1234 2691 1269 2756 in

158 2803 266 2864 cetera
288 2799 426 2884 pignora
448 2799 519 2862 eius
534 2799 683 2863 saeviret<
706 2798 850 2879 (authen
866 2800 992 2880 werde)
1019 2798 1109 2863 Hist
1134 2797 1196 2874 lv,
1212 2804 1272 2863 76:
1306 2841 1310 2847 -

159 2906 260 2991 Apud
293 2903 485 2970 Germanos
507 2903 645 2968 diversis
674 2904 791 2968 studiis
821 2903 1018 2970 certabatur.
1064 2902 1178 2968 Civilis
1205 2925 1273 2989 ,op-

159 3011 329 3099 periendus
344 3007 667 3076 Transrhenanorum
690 3014 814 3095 gentes,
837 3032 976 3093 quarum
1000 3014 1126 3099 terrore
1147 3007 1273 3073 fractae

159 3116 272 3204 populi
288 3115 425 3180 Romani
447 3114 531 3179 vires
546 3115 783 3195 obtererentur‘
799 3116 879 3197 (dirt
904 3114 1116 3195 obterantur).
1147 3114 1211 3190 lll,
1229 3120 1272 3177 66

158 3258 205 3272 -
226 3220 305 3296 ,Nee
328 3223 453 3285 tantam
488 3220 689 3307 Vespasiano
722 3220 923 3307 superbiam,
954 3224 992 3285 ut
1022 3219 1185 3306 privatum
1219 3219 1274 3283 vi.

159 3327 283 3392 tollium
308 3330 498 3413 palmatum·¹
520 3347 560 3390 ne
592 3327 695 3392 victos
724 3326 855 3410 quidem
879 3325 1026 3392 laturos‘
1072 3323 1274 3391 conferatur

159 3453 232 3498 cnm
256 3432 463 3497 subiunctiro
485 3431 621 3498 relativo
643 3430 698 3496 illo
727 3430 897 3496 absolutus
919 3430 988 3503 hic,
1017 3430 1126 3514 quiin
1157 3429 1272 3494 eadem

159 3539 312 3604 concione
342 3536 472 3622 obliqua
494 3537 656 3620 sequitur:
709 3535 748 3612 ‚F
751 3537 859 3602 obium
889 3535 950 3599 illis
974 3535 1143 3602 Valentem
1173 3534 1275 3620 capti-

159 3666 236 3709 vum
264 3649 299 3709 et
325 3643 424 3708 rebus
450 3642 559 3707 dubiis
585 3645 784 3706 reservatum
822 3661 1033 3729 praegravem
1064 3640 1180 3705 fuisse:
1222 3662 1275 3704 ne-

160 3749 238 3821 dum
269 3748 402 3815 Primus
437 3771 475 3815 ao
501 3749 627 3814 Fuscus
663 3753 697 3813 et
730 3747 892 3832 specimen
927 3747 1069 3834 partium
1099 3745 1275 3810 Mucianus

160 3855 258 3922 ullam
287 3856 320 3919 in
343 3854 511 3921 Vitellium
538 3853 599 3918 nisi
620 3852 787 3919 occidendi
808 3852 969 3918 licentiam
997 3850 1160 3916 habeant‘
1212 3851 1274 3917 lllo

160 3961 232 4033 laco
260 3961 370 4047 agitur
398 3960 439 4025 de
469 3982 503 4025 re
534 3959 681 4035 sutura,'·
694 3958 773 4042 quid
801 3961 991 4024 eventurum
1021 3958 1081 4032 sit,
1114 3957 1142 4021 si
1155 3956 1275 4023 Nital-

160 4065 223 4135 lius
245 4088 280 4132 se
303 4066 504 4154 Vespasiano
525 4063 687 4130 dediderit
710 4063 793 4144 (dira
814 4062 995 4140 ,Privatum
1019 4062 1186 4156 Vitellium
1207 4085 1275 4130 uon
