2670 4508
626 178 666 237 15

89 370 201 464 ,dumi
226 385 355 460 ,modo‘,
379 384 545 460 similibus,
566 385 700 450 Tacitus
723 385 898 450 secundum
922 384 1024 469 legem
1041 388 1201 450 statutam

89 488 313 557 subiunctivos
336 489 489 555 relativos
504 495 538 554 et
559 490 712 555 adhibere
728 490 840 556 debuit
855 493 890 553 et
910 512 1021 555 rerem
1045 489 1202 559 adhibuit.

88 599 175 662 Anu.
190 596 299 670 an,
323 603 366 661 38
396 593 576 676 ,Quantum
600 594 778 662 Corbuloni
799 596 953 679 cuiusque
976 595 1101 682 generis
1126 594 1203 658 miii·-

88 706 161 767 tum
184 702 360 774 assisteret,
382 701 446 788 (se)
467 724 530 766 non
546 707 700 776 statuere,
722 703 799 766 dum
822 702 938 787 positis
960 700 1069 765 loricis
1092 704 1126 764 et
1149 722 1203 786 ga·

89 806 147 872 leis
169 808 202 870 iu
224 806 339 870 faciem
362 807 451 893 pacis
473 809 698 874 veniretur!
747 808 856 893 Agric.
882 813 938 872 15:
983 806 1201 880 ,Recessuros,

89 917 128 978 ut
150 913 244 976 divus
267 911 369 976 lulius
396 913 595 988 recessisset,
631 913 728 977 modo
751 912 905 976 virtutem
941 913 1113 975 maiorum
1131 933 1202 975 suo·

89 1036 162 1083 rum
193 1006 512 1082 aemularentur!
566 1017 654 1097 Quid
686 1019 865 1084 subiectum
896 1017 1029 1102 loquens
1052 1016 1202 1092 voluerit,

90 1123 283 1211 exprimitur
299 1124 396 1187 etiam
420 1125 581 1187 sententia
603 1124 763 1209 particula
786 1124 926 1200 ,nedum‘
949 1122 1119 1188 inchoante
1142 1121 1203 1186 hac

89 1228 181 1317 (eunt
196 1229 258 1304 ΙΙΙ,
276 1233 346 1310 73):
369 1261 415 1275 -
429 1227 490 1303 ,Ne
508 1227 666 1314 Spartaco
690 1230 818 1314 quidem
842 1230 965 1303 datum,
988 1233 1028 1293 ut
1049 1234 1146 1315 pacto
1169 1229 1202 1292 in

89 1335 194 1400 tidem
216 1334 435 1420 acciperetur3
467 1335 586 1398 nodam
616 1335 833 1421 pulcherrimo
864 1334 976 1421 populi
998 1335 1136 1399 Romani
1158 1333 1203 1399 fa-

89 1436 190 1527 stigio
212 1438 508 1505 latro-Tacfarinas
538 1463 617 1525 paee
639 1446 674 1506 et
695 1441 900 1506 concessione
920 1462 1075 1526 agrorum
1097 1439 1202 1504 redi·

90 1549 288 1611 meretur.⁴
308 1543 368 1633 (—-
383 1545 465 1610 noch
483 1545 543 1609 viel
560 1545 699 1632 weniger
720 1546 815 1610 solite
836 1549 903 1628 -·-).
934 1545 1040 1611 Ροιιο
1055 1545 1118 1610 huc
1134 1567 1204 1631 por-

88 1653 199 1717 tinent·
211 1668 323 1716 omnes
338 1652 517 1716 sententiae
533 1651 812 1716 coniunctionibus
834 1655 895 1726 ,ut‘
909 1651 958 1716 vel
982 1662 1044 1728 ,ne‘
1060 1650 1109 1716 vei
1125 1672 1204 1717 voce

89 1757 227 1823 relativa
254 1769 417 1822 connexae
438 1779 511 1822 cum
531 1757 635 1822 'verbo
664 1758 766 1844 ipsius
789 1758 950 1822 concionis
974 1757 1138 1841 obliquae,
1169 1757 1203 1821 in

89 1884 157 1948 quo
178 1862 263 1927 inest
285 1863 333 1926 vie
355 1862 546 1948 imperandi,
569 1863 729 1948 precandi,
754 1863 921 1940 hortandi3
945 1861 1089 1926 si-huius
1113 1858 1203 1926 verbi

89 1967 271 2033 subiectum
296 1972 347 2032 est
369 1990 508 2052 persona
530 1968 673 2052 loquens.
720 1969 802 2034 Anu.
827 1968 919 2043 Xll,
944 1975 1004 2032 19:
1049 1967 1203 2032 Eunones

88 2110 135 2122 —-
157 2073 284 2160 iegatos
305 2113 351 2122 --
378 2073 412 2136 in
436 2073 521 2138 hunc
545 2073 677 2138 modum·
699 2074 818 2137 mittit:
849 2078 902 2155 (—-
928 2073 1092 2138 Bellorum
1116 2095 1204 2159 egre·

89 2179 163 2266 gios
184 2178 274 2253 fines,
299 2180 448 2263 quotiens
471 2179 667 2266 ignoscendo
690 2181 912 2265 transigatur),
929 2216 965 2227 -
991 2200 1052 2266 pro
1075 2177 1204 2244 Mithri*-

89 2285 168 2349 date
188 2305 320 2349 ——non
343 2285 520 2370 potentiam
543 2306 648 2369 neque
669 2306 805 2371 regnum
829 2284 894 2373 (se)
914 2286 1056 2371 precari,
1084 2283 1204 2349 sedne
1312 2347 1313 2351 ,

89 2389 416 2476 triumpharetur
435 2408 515 2455 neve
531 2413 650 2477 poenas
672 2392 777 2477 capite
793 2390 1076 2476 expenderet!
1099 2392 1126 2467 l,
1145 2397 1202 2454 291

89 2492 222 2560 Drusus
238 2501 404 2581 -negat,
428 2519 474 2572 ‚se
495 2502 622 2560 terrore
643 2501 676 2560 et
699 2497 792 2560 minis
809 2496 910 2561 vinci:
932 2495 1051 2560 Fiexos
1073 2496 1115 2559 ad
1139 2517 1204 2560 mo-

89 2600 229 2665 destiam
251 2600 279 2664 si
303 2601 421 2678 videat,
445 2603 471 2665 si
495 2600 656 2686 supplices
680 2603 801 2676 audiat,
824 2601 1021 2688 scripturum
1044 2602 1142 2689 patri,
1165 2604 1204 2666 ut

89 2705 238 2794 placatus
259 2705 421 2792 legionum
439 2728 550 2793 preces
573 2707 817 2793 exciperet!
862 2708 1084 2772 Ernestius
1106 2707 1202 2773 solito

90 2832 184 2875 more
210 2812 345 2876 coniecit
375 2813 546 2897 ,excipiat‘,
575 2812 651 2896 quia
673 2828 786 2876 veram
803 2814 910 2878 Taciti
938 2816 1114 2891 rationem,
1137 2834 1203 2897 qua

89 2916 176 2981 inter
198 2915 365 2981 absolutos
381 2922 414 2982 et
438 2916 589 2982 relativos
604 2917 824 2983 subiunctivos
841 2919 1002 2996 discernit,
1027 2943 1091 2984 non
1112 2918 1203 2985 intel·

89 3021 180 3087 lexit.
228 3020 370 3087 Crollius
394 3023 584 3087 Ernestii
608 3025 822 3088 coniecturum
846 3024 974 3111 probat.
1019 3024 1202 3091 Wolfius

88 3130 205 3192 contra·
235 3128 388 3193 adnotat:
434 3126 545 3202 ,Haud
567 3129 664 3193 dubie
686 3129 780 3193 nimis
814 3129 954 3194 insolens
976 3130 1050 3198 lul.
1074 3130 1203 3196 videtur

89 3232 335 3320 imperfectum
358 3256 422 3298 non
445 3237 553 3298 tamen
577 3235 617 3298 ad
640 3235 745 3300 Taciti
770 3240 933 3300 mentem‘
972 3235 1202 3302 Waltherus

90 3337 236 3404 defendit
258 3339 497 3404 subiunctivum
519 3340 702 3426 imperfecti
725 3341 909 3428 ,exciperet‘
931 3363 980 3416 eo,
1005 3342 1092 3425 qnod
1112 3344 1202 3427 opto

89 3428 195 3510 tirum
216 3462 405 3531 graecorum
428 3444 553 3511 confert
575 3447 857 3530 conditionemque
878 3446 1034 3511 subaudit
1062 3447 1095 3511 in
1117 3446 1202 3513 hunc

91 3550 242 3615 modumz
271 3590 314 3602 -
338 3551 528 3637 ,scripturus
552 3554 618 3627 est,
643 3556 697 3629 ut,
721 3552 748 3616 si
769 3551 856 3616 forte
879 3550 993 3628 vellet,
1016 3553 1203 3639 exciperet!

89 3655 170 3722 Mea
185 3659 386 3742 quantopere
401 3656 529 3721 differat
546 3657 725 3744 explicandi
748 3659 832 3722 ratio
847 3657 888 3723 ab
911 3658 971 3722 hcc
994 3657 1201 3736 Waltheri,

90 3760 197 3826 eincet
213 3783 253 3826 ex
275 3761 325 3839 iis,
349 3784 431 3846 quae
453 3763 486 3826 in
503 3763 636 3827 exordio
652 3762 692 3826 de
714 3767 898 3850 temporum
922 3765 1147 3830 consecutione
1169 3765 1203 3830 in

90 3866 277 3932 universum
294 3868 495 3952 maximeque
512 3891 552 3931 ex
574 3868 613 3930 iis
629 3889 712 3951 quac
734 3867 852 3933 ibidem
868 3874 982 3934 contra
1004 3868 1201 3934 Psarrium

88 3970 264 4059 disputavi.
320 3972 408 4037 Hist.
432 3974 491 4051 lv,
516 3981 553 4038 8:
587 3972 810 4061 (Antecedunt
838 3973 1033 4039 subiunctivi
1062 3973 1205 4040 absoluti

90 4096 163 4143 com
187 4077 332 4144 relativis
355 4079 476 4171 mixti.)
520 4078 682 4157 ,Suadere
695 4079 760 4172 {set
783 4080 891 4148 stiuam
903 4079 1046 4151 Tusco,
1059 4096 1110 4136 us
1125 4090 1241 4150 suun
