2670 4508
559 192 768 286 Aa...

108 414 237 470 cerem.-
250 396 277 459 si
296 408 342 444 -ὲ-
363 395 568 472 divellerer‘';.
581 399 638 460 aut
651 399 827 480 ¹(tanquam
850 397 894 462 sit
914 397 1086 473 incertum,
1107 400 1218 462 utrum

105 500 258 567 futurum
293 501 337 565 sit
369 502 511 587 positum
543 502 621 566 illud
658 519 777 577 necne,
806 502 856 567 vel
885 501 956 577 sine
986 502 1219 588 significatione

108 607 223 672 incerti
246 628 319 671 eum
342 606 541 693 cogitatione
564 612 691 672 tantum
714 607 851 672 subiecti
867 608 1029 692 loquentis
1044 608 1085 673 de
1101 612 1219 673 eventu

106 710 239 799 ¹futuro)
261 712 323 776 ita:
343 749 385 761 -
407 704 481 788 ‚uuir
504 711 635 789 faciam,
659 714 685 776 si
700 750 746 762 -
760 713 905 778 divellar‘
928 713 990 794 (vol
1006 714 1089 779 coni.
1106 734 1218 800 praee.

109 816 160 882 vel
176 816 237 884 lut.
254 817 344 904 iud).
372 818 461 882 Hist.
476 819 536 894 lv,
559 825 615 884 55:
640 816 801 884 Certatim
823 819 969 898 (Treveri
989 841 1026 885 aa
1041 820 1219 905 Lingones)

103 922 328 1008 proclamant:
354 951 408 973 -‘
428 923 476 1000 ,Si
496 924 600 1009 'Alpes
627 924 795 1009 praesidiis
824 922 1070 1000 firmentur,
1101 924 1219 990 coalita

106 1027 261 1097 libertate
276 1028 477 1112 dispectum
495 1028 628 1104 Gallias,
653 1052 748 1113 quem
766 1030 881 1093 virium
897 1052 1028 1094 suarum
1044 1031 1218 1094 terminum

104 1132 220 1202 soline
237 1133 316 1212 (dirz
333 1134 381 1206 ‚si
396 1171 440 1182 —-
454 1135 635 1209 firmantur,
651 1135 913 1220 —-*dispicient‘).
946 1133 1034 1201 Nihil
1049 1136 1219 1201 ostendere

106 1239 147 1319 is,
164 1239 217 1322 qui
234 1238 389 1322 loquitur,
406 1240 485 1315 vult,
509 1242 570 1305 nisi
586 1245 706 1325 quanto
722 1241 766 1306 sit
781 1241 952 1306 commodo
967 1241 1096 1308 firmare
1106 1242 1217 1328 Alpes,

108 1348 148 1424 ut
173 1344 221 1409 ita
249 1344 456 1430 impellantur
487 1347 586 1411 ceteri
609 1344 697 1411 Galli
725 1346 767 1410 ad
796 1345 866 1410 illas
896 1346 1079 1414 firmandas.
1130 1346 1218 1412 Nihil

108 1450 211 1535 igitur
226 1449 335 1526 refert,
354 1456 391 1516 ut
405 1452 443 1527 is,
460 1453 514 1535 qui
530 1452 684 1535 loquitur,
700 1451 795 1516 simul
811 1453 972 1538 exprimat
988 1454 1219 1539 cogitationem

106 1576 201 1622 suam
217 1556 259 1620 de
274 1557 412 1621 veritate
434 1558 479 1622 rei
503 1559 629 1644 positae
652 1579 709 1622 seu
730 1556 849 1622 dubiae
873 1580 930 1622 sen
946 1557 1087 1622 futurae.
1113 1560 1218 1624 Immo

106 1659 342 1746 infringeretur
355 1664 516 1747 ita,‚quod
531 1663 608 1728 milri
621 1663 750 1748 quidem
767 1663 903 1738 videtur,
921 1664 968 1728 vis
983 1662 1218 1739 affirmationis,

108 1767 247 1851 quaein
270 1790 306 1832 re
328 1769 434 1854 posita
456 1769 613 1836 innititur.
637 1769 744 1834 -Hist
767 1770 838 1845 111,
862 1776 923 1834 84:
952 1767 1091 1857 (Milites
1113 1768 1217 1834 clami·

108 1876 211 1954 tonus
244 1910 290 1920 -
310 1872 363 1949 ‚Ni
387 1875 496 1939 statim
520 1875 730 1961 recipiantur,
765 1880 893 1939 noctem
926 1875 960 1938 in
993 1875 1091 1938 ermis
1125 1897 1219 1960 agen·

108 1977 207 2043 dam!
258 1978 334 2044 Hoc
361 1979 432 2043 locu
463 1980 525 2045 iam
561 1980 721 2065 particula
750 1981 883 2054 ,statim‘
912 1979 1061 2066 flagitare
1091 1980 1219 2046 videtur

107 2085 288 2149 sententiae
303 2085 528 2150 conditionalis
544 2086 682 2150 formam
698 2085 797 2150 hane:
820 2085 872 2161 ,Ni
896 2087 1006 2150 statim
1022 2087 1217 2172 recipimur‘.

107 2190 179 2255 laur
202 2188 342 2255 facilius·
358 2192 429 2255 erit.
442 2192 617 2276 explanare
639 2191 761 2264 locum,
795 2192 828 2254 in
851 2214 917 2276 quo
939 2191 980 2255 de
1002 2190 1128 2255 duabus
1150 2213 1218 2256 sent

106 2296 220 2360 tentiis
248 2296 532 2372 conditionalibus,
562 2319 644 2380 quae
673 2319 807 2382 prorsus
841 2298 925 2362 inter
955 2319 990 2361 ss
1023 2296 1142 2360 similes
1173 2299 1218 2361 vi·

107 2400 241 2476 dentur,
265 2401 366 2466 altera
389 2407 497 2467 tamen
520 2402 618 2467 habet
648 2402 885 2467 subiunctivum
909 2401 1095 2478 relativum,
1117 2403 1219 2469 altera

107 2505 306 2573 absolutum.
344 2507 433 2572 Hist.
450 2508 511 2583 lv,
536 2516 596 2573 202
619 2509 736 2574 Batavi
760 2529 833 2572 cum
856 2509 971 2572 castris
993 2507 1218 2574 Bonnensibus

107 2615 373 2700 propinquarent,
397 2614 601 2699 praemisere,
623 2614 678 2697 qui
694 2612 859 2678 Herennio
876 2611 973 2678 Gallo
995 2612 1147 2678 mandata
1168 2636 1219 2678 eo-

106 2717 252 2784 hortium
278 2722 470 2804 exponeret:
502 2754 540 2767 -
565 2717 614 2794 ,Si
636 2740 730 2783 nemo
752 2717 942 2796 obsisteret,
970 2720 1134 2785 innoxium
1155 2721 1218 2784 iter

107 2824 193 2890 fure:
217 2825 266 2888 sin
289 2848 380 2889 arma
402 2829 584 2900 occurrant,
607 2823 695 2888 ferro
717 2824 802 2888 viam
823 2825 1032 2889 inventuros!
1069 2825 1216 2891 Priorem

106 2931 303 2995 sententiam
324 2929 571 2996 conditionalem
593 2952 663 2994 esse
686 2931 819 2994 alterius
841 2930 967 3015 generis
988 2930 1122 3012 (,Wenn
1144 2930 1218 2996 Nie-

107 3035 207 3101 mand
231 3035 459 3101 Wiederstand
489 3035 603 3101 leisten
626 3036 741 3099 werde‘
771 3037 820 3100 vel
842 3072 883 3084 -
907 3036 1041 3112 ,sollte‘,
1070 3037 1137 3100 dir:
1167 3035 1216 3111 ‚si

108 3163 205 3206 nemo
227 3140 375 3206 obsistet‘
399 3142 448 3206 vel
470 3178 513 3189 -
536 3138 728 3228 ,obsistat‘),
760 3138 821 3204 hoe
843 3162 937 3205 nemo
968 3142 1219 3228 impugnaverit.

107 3245 177 3312 Sed
199 3269 257 3312 cur
279 3269 344 3312 nou
366 3248 444 3312 item
464 3247 565 3312 altera
588 3246 650 3320 ,sin
674 3283 713 3294 —-
738 3247 941 3311 occurrant‘?
972 3245 1136 3323 Concedo,
1160 3271 1219 3334 pro

107 3352 314 3418 subiunctivo
338 3352 488 3418 absoluto
519 3352 580 3416 hoe
603 3351 702 3437 posse‘
725 3351 879 3416 substitui
907 3351 1076 3417 relativum
1099 3376 1216 3429 ,occur-

107 3462 241 3534 rerent‘,
262 3459 315 3524 cui
334 3459 545 3544 responderet
566 3458 599 3521 in
624 3458 748 3522 directa
768 3460 914 3523 oratione
936 3457 998 3523 hoe
1020 3459 1080 3532 ,siu
1105 3495 1145 3508 —-
1170 3481 1219 3524 oe

108 3568 251 3629 current‘
274 3563 323 3628 vel
347 3601 387 3614 —-
410 3568 616 3640 ,occurrant‘.
662 3561 730 3628 Sed
751 3562 899 3627 consulto
920 3563 1054 3628 Tacitus
1076 3563 1141 3630 dua
1165 3564 1219 3629 illa

107 3669 340 3734 sententiarum
354 3669 616 3735 conditionalium
628 3690 748 3752 genera
759 3669 946 3733 distinxisse
957 3668 1093 3734 videtur.
1118 3674 1218 3735 Accu-

106 3775 317 3840 ratiasenim
340 3780 540 3861 spectantem
568 3797 631 3840 non
654 3775 760 3860 fugiet
781 3774 885 3839 maior
907 3774 960 3838 illa
983 3775 1048 3850 vis,
1075 3797 1141 3858 qua
1164 3776 1219 3840 mi-

106 3884 230 3946 nantur
251 3881 369 3945 Batavi
391 3880 458 3946 his:
486 3881 546 3956 ‚sin
570 3903 661 3945 arma
682 3884 931 3956 occurrunt,
959 3881 1046 3945 ferro
1069 3881 1152 3944 viam
1175 3882 1219 3946 in

107 3987 295 4053 veniemus.
325 3987 433 4052 Etiam
450 3988 477 4051 si
492 3987 673 4073 germanice
695 3985 778 4052 hanc
801 3988 980 4051 sententiae
995 3986 1219 4052 conditionalis

105 4093 255 4159 formam
269 4092 444 4170 reddimus,
467 4093 552 4158 idern
576 4094 763 4159 sentiemus.
793 4092 903 4157 lllaier
926 4093 1011 4156 enirn
1036 4090 1220 4158 minationis
