2670 4508
107 377 226 441 eontra
246 371 432 438 Ernestium
454 375 500 445 et,
512 371 578 454 -qui
598 393 673 444 eum
704 374 894 456 sequuntur,
917 368 1061 454 reliquos
1080 369 1224 436 editores

50 470 51 473 '
108 477 283 547 defendere
298 477 418 542 studet.
458 474 523 542 Sed
539 476 732 541 indicativus
755 477 782 540 si
805 479 892 540 esset
909 497 1014 555 vertas,
1038 475 1222 562 plusquam

109 581 255 668 perfecto
277 582 471 657 ‚consultum
487 588 579 658 erat‘,
609 605 672 647 non
689 581 832 668 perlecto
849 581 1039 657 ,consultum
1056 587 1118 645 est‘
1139 583 1226 649 esset

108 711 204 773 opus,
227 693 264 753 ut
287 687 447 752 reseratur
468 709 519 752 res
542 688 716 774 praeterita
739 689 931 777 adtempus
956 687 1105 774 scriptori
1133 708 1223 771 prae-

109 793 254 857 teritum.
311 792 376 857 Ubi
409 793 493 857 enim
526 793 736 857 indicativum
768 793 898 856 modum
935 793 1033 857 lralict
1064 792 1225 863 seutentia

109 898 271 962 concionis
288 896 444 981 obliquae,
467 897 554 978 haec,
580 897 654 962 licet
670 900 712 962 sit
727 899 806 972 eins,
829 901 921 962 errius
938 899 1024 962 dicta
1039 903 1225 977 narrantur,

110 1007 218 1067 tamen
239 1004 399 1067 narrantis
421 1003 515 1067 simul
543 1002 582 1067 fit
612 1004 761 1089 propria,
791 1007 984 1089 tempusque
1013 1004 1113 1088 igitur
1136 1001 1225 1086 quod

109 1109 238 1183 attinet,
262 1107 346 1183 lruio,
369 1132 433 1174 non
456 1107 601 1175 subiecto
622 1109 769 1193 loquenti
791 1110 1034 1174 accommodare
1057 1131 1092 1173 se
1114 1107 1222 1172 debet.

110 1213 179 1280 Ubi
202 1235 280 1279 vero
310 1219 472 1279 servatum
493 1215 623 1279 videtur
654 1219 783 1302 tempus
805 1237 847 1279 ex
861 1215 941 1301 ipsis
965 1216 1095 1280 directis
1118 1212 1225 1284 verbis

110 1317 248 1384 subiecti
269 1318 445 1403 loquentis,
475 1318 520 1383 ibi
545 1324 603 1385 aut
632 1321 748 1385 nititur
778 1320 840 1392 hoo
861 1321 893 1384 in
920 1320 1022 1406 ipsius
1046 1319 1224 1384 sententiae

109 1430 245 1500 natura,
275 1444 358 1508 quae
387 1425 549 1489 narrantis
578 1447 679 1510 aeque
700 1448 738 1491 ae
767 1426 927 1510 loquentis
958 1431 1105 1511 tempore
1119 1423 1224 1515 ualet,

110 1535 168 1595 aut
191 1535 343 1595 narratur
358 1531 519 1618 praesenti
530 1530 699 1606 historico.
736 1530 911 1597 Formulae
934 1536 1066 1596 tantum
1077 1529 1224 1594 solennes

110 1657 149 1703 ac
171 1640 357 1701 constantes
378 1636 410 1700 in
434 1635 641 1722 concionibus
657 1636 795 1720 obliquis
817 1638 921 1723 repeti
944 1638 1083 1723 possunt
1104 1635 1161 1710 ita,
1185 1636 1223 1699 ut

110 1740 209 1807 verba
235 1742 360 1807 directa
387 1741 547 1826 loquentis
578 1742 656 1806 nihil
687 1745 863 1808 mutentur.
897 1740 968 1828 (Cf.
992 1762 1092 1827 supra
1122 1763 1154 1826 p.
1180 1745 1221 1805 29

109 1846 150 1923 ,si
169 1846 337 1935 repetas‘.)
369 1846 431 1911 His
443 1869 519 1910 vcro
542 1849 720 1913 sententiae
736 1847 899 1912 ordientes
922 1871 942 1910 a
956 1845 1122 1933 particula
1144 1849 1223 1910 tem-

109 1952 212 2038 porali
234 1952 334 2028 ,dnm‘
364 1949 547 2040 (u’iihrend)
569 1953 688 2018 similes
718 1956 872 2028 santae,
902 1953 990 2036 quod
1012 1952 1222 2018 indicativum

110 2059 306 2144 praesentis,
337 2058 498 2130 constanti
522 2058 663 2142 quodam
697 2081 758 2127 usu
786 2058 880 2122 iniis
911 2056 1062 2124 adhibere
1090 2056 1222 2122 solitum

110 2163 143 2228 iu
166 2162 289 2228 directa
312 2164 478 2239 oratione,
500 2164 533 2228 in
555 2164 713 2228 indirecta
735 2186 865 2248 quoque
889 2164 1044 2239 retinent3
1079 2163 1112 2226 id
1134 2161 1222 2245 quod

109 2269 196 2354 apud
219 2270 368 2335 Tacitum
392 2270 489 2334 etiam
514 2271 635 2335 maiore
657 2270 839 2334 constantia
862 2269 914 2346 fit,
945 2291 1041 2354 quarn
1065 2267 1152 2355 apud
1174 2288 1223 2340 ee·

109 2380 199 2441 toros
222 2376 407 2462 scriptores.
453 2375 613 2462 Exempla
635 2376 775 2459 horum,
800 2398 882 2460 quae
905 2375 1057 2462 exposui,
1087 2372 1222 2438 collecta

109 2480 217 2545 videas
241 2483 329 2567 apud
357 2481 489 2546 Rumsh.
502 2482 532 2548 l.
550 2504 577 2547 e.
601 2487 630 2564 ξ.
651 2489 712 2547 195
730 2481 760 2554 b,
781 2504 808 2555 e,
839 2480 895 2565 qni
911 2485 1025 2545 ‘umen
1048 2479 1129 2544 hanc
1145 2499 1222 2561 quo·

109 2608 172 2670 que
195 2586 411 2672 corruptelam
440 2610 501 2673 pro
523 2587 671 2674 exemplo
693 2586 823 2664 attulit,
857 2610 921 2650 non
952 2585 1221 2660 animadvertens,

108 2697 309 2777 quantopere
330 2691 382 2757 hic
402 2691 491 2757 loeus
513 2692 641 2759 differat
664 2717 683 2758 a
705 2692 829 2759 ceteris.
874 2693 928 2758 Ex
950 2694 1005 2771 iis,
1028 2712 1110 2776 qnae
1132 2688 1223 2754 Wal-

108 2796 223 2863 theras
252 2799 294 2861 ad
325 2795 558 2862 ‹lesendendam
587 2799 705 2864 codicis
733 2798 905 2865 lectionem
934 2798 1028 2863 affert
1055 2793 1221 2882 exeruplis,

109 2925 192 2967 unus
213 2903 266 2968 ille
281 2902 378 2970 ,locus
400 2926 442 2968 ex
463 2927 536 2971 ann.
558 2904 661 2982 xvi,
688 2914 704 2968 1
728 2909 815 2970 esset
837 2910 949 2992 aptus,
984 2903 1039 2987 qui
1062 2924 1135 2966 oum
1160 2899 1221 2967 hoe

107 3014 363 3093 compararetur:
379 3047 424 3056 -—
439 3007 618 3084 ‚Ceterum
639 3014 677 3075 ut
692 3011 877 3076 coniectura
893 3011 1107 3084 demonstrat,
1130 3005 1221 3073 Dido

107 3112 318 3180 Phoenissam
342 3152 386 3162 -
405 3115 476 3179 illas
492 3137 571 3200 opes
587 3114 770 3180 abdidisse!
785 3152 830 3162 -
846 3115 911 3179 sed
933 3113 1012 3179 illud
1028 3116 1078 3190 ‚ut
1093 3112 1221 3177 ‹lemon-

108 3223 203 3285 strat‘
232 3242 297 3284 non
319 3242 389 3285 esse
418 3223 544 3307 partem
575 3221 731 3286 orationis
753 3219 918 3304 obliquae,
942 3221 999 3286 sed
1020 3244 1040 3284 a
1062 3218 1221 3304 scriptore

107 3323 311 3410 parenthesis
341 3324 412 3390 loeo
437 3326 603 3402 additum,
637 3325 853 3414 Nipperdeius
878 3325 1130 3399 demonstravit,
1165 3322 1221 3408 qui

107 3429 258 3515 explieat·
271 3453 335 3495 non
358 3435 396 3495 ut
419 3431 518 3496 ceteri
540 3432 609 3506 ,wie
631 3432 684 3496 die
707 3431 937 3519 Vermuthung
959 3432 1069 3516 zeige‘,
1093 3429 1150 3494 sed
1173 3428 1221 3494 ita

107 3535 177 3610 ,uie
204 3557 240 3600 er
261 3537 592 3624 vermuthungsweise
614 3537 807 3603 naehweist‘.
861 3537 936 3602 Hoc
958 3537 1059 3623 igitur
1087 3535 1158 3600 loco
1181 3537 1220 3601 ut

108 3641 136 3704 F
138 3640 319 3707 reinshemii
343 3641 594 3729 (demonstret)
619 3649 651 3708 et
674 3643 818 3707 Ernestii
842 3640 1132 3729 (demonstraret)
1147 3664 1220 3708 oon·

106 3748 250 3813 iecturae
276 3752 353 3813 sunt
375 3771 649 3836 supervacaneae,
663 3793 664 3798 κ
679 3750 726 3813 ita
748 3748 803 3812 illo
826 3748 916 3824 loeo,
945 3748 1077 3832 dequo¹
1097 3748 1218 3834 agitur,

106 3855 290 3919 emendatio
312 3850 419 3930 ‚esset‘
443 3860 493 3920 est
508 3855 696 3920 necessaria„
721 3852 791 3940 (Of.
808 3853 925 3928 similes
942 3853 1146 3940 corruptelae
1169 3874 1219 3918 eo-

106 3958 193 4025 latae
215 3961 257 4025 ad
280 3984 353 4025 ann.
378 3962 404 4038 1,
432 3969 470 4026 19
496 3984 527 4046 p.
549 3960 617 4050 33).
670 3960 845 4026 Praeterea
868 3959 1093 4025 subiunctivus
1115 3958 1219 4023 relati·

106 4088 167 4134 sus
183 4067 371 4154 aptissimus
395 4073 445 4132 est
468 4068 625 4143 hocloco,
649 4089 713 4131 non
729 4065 845 4142 solum,
869 4065 945 4150 quia
967 4066 1100 4131 additur
1122 4087 1220 4130 cansa
