2670 4508
546 207 618 260 4
655 167 782 261 ⁵⁰-
1045 192 1068 235 a.

124 375 195 441 turn
219 395 402 458 superesse,
430 376 466 436 ut
489 372 611 458 collega
631 372 758 436 dicatur
781 371 985 458 (Seianus)?‘
1024 357 1234 448 Cf.111‚sa;

124 477 225 553 Xlll,
244 485 300 554 263
322 477 397 542 hist.
422 479 488 554 lll,
513 486 573 556 383
599 481 631 558 l,
658 487 715 556 333
738 482 819 566 Agr.
846 483 895 544 15.
942 479 980 541 ln
1003 477 1064 543 hoc
1086 501 1163 542 vero
1187 501 1235 542 se-

124 584 235 668 quenti
260 583 406 670 exemplo
430 584 632 650 subiunctivo
655 585 790 649 relativo
814 585 897 646 inest
919 584 1074 670 cogitatio
1096 583 1235 648 subiecti

124 690 287 774 loquentis
310 690 350 754 de
373 712 420 766 eo,
444 693 531 774 quod
548 694 739 756 eventurum
756 693 799 755 sit
822 688 878 776 (of.
893 711 920 756 c.
936 693 996 771 V.).
1042 690 1127 754 Ana.
1152 689 1234 765 XV,

125 803 185 862 62:
217 835 261 845 -·
296 795 421 880 ,Neque
455 796 542 861 aliud
573 819 740 883 superesse
776 801 851 882 post
881 799 1017 859 matrem
1050 795 1236 878 fratresque

119 901 321 975 interfectos,
346 924 442 986 quam
464 908 502 966 ut
524 903 706 968 educatoris
723 902 1006 988 praeceptorisque
1027 923 1136 965 necem
1157 901 1235 964 adii-

124 1011 234 1072 ceret‘
277 1007 369 1086 (Und
386 1008 466 1072 nach
482 1009 539 1074 der
553 1008 766 1094 Ermordung
786 1009 891 1072 seiner
912 1007 1042 1072 Mutter
1062 1007 1129 1072 und
1152 1007 1236 1073 Brii-

124 1112 182 1177 der
205 1114 248 1177 sei
273 1135 337 1177 nun
353 1113 470 1178 Niohts
493 1114 584 1179 mehr
605 1113 711 1200 berig,
735 1114 781 1177 als
802 1114 877 1177 dass
901 1136 935 1176 er
958 1112 1040 1177 auch
1063 1112 1147 1177 noch
1170 1113 1234 1176 deu

124 1219 223 1285 Mord
253 1221 356 1285 eeines
386 1219 529 1284 Lebrers
559 1221 625 1284 und
655 1218 824 1284 Erziehers
854 1218 1049 1303 hinzufiigen
1077 1217 1235 1306 werde.)

125 1325 191 1389 lllis
214 1323 350 1399 duobus,
373 1327 428 1408 qui
445 1327 592 1411 proxime
614 1326 702 1389 allati
723 1329 808 1400 eunt,
833 1326 910 1389 locis
930 1324 1081 1388 delinitur
1104 1328 1233 1388 tantum

128 1430 263 1515 qualitas
287 1453 324 1494 ac
346 1435 464 1495 natura
485 1433 530 1495 rei
556 1432 751 1517 praesentis,
783 1453 865 1515 quae
888 1431 929 1494 ad
953 1453 1113 1495 summum
1137 1452 1233 1514 quen·

123 1536 198 1599 dam
222 1536 357 1621 gradum
382 1537 425 1600 sit
445 1558 629 1622 progressa,
654 1560 747 1623 quem
772 1559 841 1602 earn
865 1542 1139 1621 transgressorem
1163 1558 1235 1600 esse

123 1643 178 1707 vix
206 1642 378 1727 cogitatur.
428 1643 503 1708 Hoo
526 1666 601 1707 vero
633 1643 703 1708 loco
732 1666 772 1707 ex
803 1644 953 1720 saevitia,
988 1642 1140 1726 quamin
1162 1643 1233 1706 dies

124 1748 277 1812 maiorem
307 1750 488 1813 exercuerit
518 1748 622 1824 Nero,
655 1751 785 1814 coniicit
814 1747 994 1813 subiectum
1025 1748 1160 1832 loquens
1191 1749 1233 1811 de

123 1853 326 1918 atrocissimo
355 1853 413 1917 illo
440 1852 598 1930 facinore,
630 1857 716 1939 quod
745 1857 808 1919 iam
832 1877 970 1919 ausurus
999 1856 1042 1918 sit
1065 1857 1098 1918 et
1118 1874 1234 1917 revera

127 1962 293 2046 postremo
316 1982 414 2024 ansus
437 1965 496 2027 est.
543 1958 746 2026 caularum
770 1962 848 2025 illud
872 1984 902 2047 p.
920 1968 961 2026 47
985 1959 1169 2046 exernplum
1192 1981 1234 2022 ex

121 2084 195 2129 aaa.
211 2065 292 2140 XV,
316 2073 357 2131 59
375 2071 408 2129 et
423 2065 526 2129 simile
540 2065 602 2131 hoo
625 2088 664 2131 ex
680 2089 752 2133 ann.
769 2068 809 2142 V,
833 2074 872 2132 4:
890 2104 941 2142 ,·-
959 2067 1038 2150 qaid
1060 2065 1234 2148 reliquum,

123 2170 183 2235 nisi
207 2175 244 2235 ut
267 2175 470 2257 caperent
492 2172 613 2236 ferrum
630 2175 673 2248 et,
698 2194 835 2257 quorum
854 2172 1010 2258 imagines
1034 2195 1093 2258 pro
1107 2171 1234 2235 vexillis

123 2278 224 2341 secuti
241 2277 357 2354 forent,
375 2277 472 2342 duces
488 2278 764 2364 imperatoresque
780 2279 1034 2364 deligerent‘
1064 2275 1132 2365 (Of.
1150 2299 1234 2362 quae

122 2383 154 2448 in
178 2383 289 2448 eodem
314 2385 420 2470 capite
442 2384 659 2465 antecedunt.)

127 2534 131 2540 -
211 2491 294 2558 Anu.
319 2489 417 2566 XlV,
441 2497 501 2555 35:
523 2528 568 2539 -
590 2491 651 2567 ,Eo
675 2493 845 2576 provectas
867 2490 1088 2554 Romanorum
1112 2489 1234 2574 cupidi-

123 2617 189 2670 nes,
215 2601 338 2661 utnon
361 2618 512 2681 corpora,
536 2619 576 2660 ne
599 2602 759 2660 senectam
783 2595 911 2680 quidem
934 2599 992 2659 aut
1013 2596 1232 2681 virginitatem

123 2702 325 2788 impollutam
354 2702 558 2786 relinquant!
608 2703 693 2766 Ana.
716 2702 819 2779 xlv,
845 2709 907 2766 612
940 2738 995 2780 ,-
1021 2724 1084 2764 non
1108 2723 1146 2764 eo
1169 2700 1233 2764 loci

122 2829 174 2871 res
198 2831 272 2871 suas
296 2808 365 2893 agi,
399 2812 436 2871 ut
458 2808 498 2871 de
521 2809 727 2891 matrimonio
749 2812 853 2873 certet
874 2818 943 2870 -.‘
987 2806 1041 2873 Cf.
1064 2807 1153 2882 Xll,
1182 2814 1232 2874 11.

122 2912 212 2978 Hist.
236 2913 372 2989 1V‚57:
399 2952 435 2962 -
463 2914 673 2986 circumdant,
697 2913 881 2978 obtestante
904 2913 1038 2986 Vocula,
1062 2934 1126 2977 non
1149 2914 1232 2977 adeo

123 3018 287 3084 turbatam
310 3019 456 3084 civilibus
481 3021 579 3084 armis
603 3043 669 3084 rem
692 3043 876 3096 romanam,
899 3026 937 3084 ut
958 3020 1108 3084 Treveris
1132 3019 1232 3083 etiam

122 3125 387 3212 Lingonibusque
409 3127 574 3213 despectui
599 3128 663 3193 sit‘
716 3126 780 3192 Sed
805 3126 890 3190 haud
911 3127 977 3191 seio
1006 3149 1046 3190 aa
1069 3125 1101 3188 in
1125 3130 1232 3211 poste-

122 3228 200 3297 riori
223 3232 283 3296 hoc
299 3232 446 3318 exemplo
464 3253 613 3321 praesens
628 3232 716 3307 illud,
741 3233 828 3317 quod
844 3231 1014 3305 antecedit,
1039 3232 1231 3296 historicum

123 3339 323 3422 aliquantum
344 3339 492 3414 valuerit,
514 3342 552 3402 ut
575 3337 796 3403 subiunctivus
819 3339 987 3404 absolutae
1011 3336 1230 3402 adhiberetur.

122 3446 161 3511 ln
176 3445 331 3510 similibus
356 3445 438 3510 enim
456 3445 515 3520 his,
541 3467 623 3529 quae
639 3451 827 3528 sequuntur,
853 3443 1017 3530 exemplis,
1035 3442 1231 3508 subiunctivi

121 3551 246 3615 relativi
277 3550 413 3615 adhibiti
437 3555 529 3626 sunt,
560 3551 613 3634 qui
637 3552 759 3637 optime
781 3573 815 3614 se
837 3550 966 3617 babent.
1021 3548 1232 3636 Significatur

121 3657 204 3721 enim
228 3658 266 3720 iis
281 3655 443 3722 dubitatio
460 3656 616 3742 quaedam
641 3659 739 3740 atque
755 3657 887 3722 affectus
903 3658 1011 3732 animi,
1036 3678 1100 3740 quo
1116 3677 1230 3719 verum

121 3782 190 3827 esse
212 3762 301 3839 illud,
325 3763 412 3848 quod
435 3764 600 3828 sententiis
623 3763 684 3827 illis
707 3765 904 3830 secundariis
925 3764 1132 3850 exprimitur,
1156 3761 1232 3826 sub-

120 3869 238 3933 iectum
262 3869 396 3952 loquens
418 3867 550 3944 abnuit;
574 3869 606 3932 id
630 3869 717 3954 quod
740 3864 1109 3956 germaniae-reddimus
1129 3867 1232 3934 verbo

121 3974 267 4039 auxiliari
289 3974 421 4052 ‚sollen‘.
471 3975 535 4050 Xl‚
563 3981 619 4039 26:
644 4012 699 4051 ,-
714 3974 846 4062 Quippe
868 3998 933 4041 non
959 3997 998 4039 eo
1014 3980 1165 4049 ventum,
1192 3981 1231 4041 ut

121 4086 281 4149 senectam
305 4082 457 4169 principis
473 4081 720 4168 opperirentur}
756 4082 862 4170 (Denn
884 4104 921 4147 so
937 4083 1010 4147 weit
1032 4082 1078 4146 sei
1094 4102 1129 4145 ee
1143 4081 1231 4151 doeh
