2670 4508
560 213 769 308 wilm

105 402 342 483 sententiarum
369 417 634 484 conditionalium
664 440 768 504 genus
790 417 937 483 iunctum
964 420 1015 482 est
1041 439 1115 484 eum
1141 423 1220 483 tem·
1291 467 1292 470 ,

93 583 96 585 Α
108 544 191 610 pore
211 521 325 588 futuro
346 523 378 586 in
401 522 561 610 spodosit'
574 522 664 588 Hist.
687 524 754 598 lll,
778 529 820 587 24
840 521 897 606 (ef.
919 524 1061 599 eiusdem
1084 545 1153 611 cap.
1176 524 1221 588 10·

108 650 168 694 cus
191 627 371 715 explicatus
389 649 421 714 p
439 635 479 692 21
493 627 523 717 ):
555 666 597 693 -.
618 651 695 692 mox
710 627 868 693 infensius
882 629 1104 714 praetorianis,
1128 640 1219 705 ,vost

108 733 215 818 inquit
239 733 311 809 ‚nisi
331 734 470 809 vincitis,
492 734 621 820 pagani,
644 735 715 817 quis
736 734 818 798 nlius
840 734 1026 820 imperator,
1051 756 1133 818 quae
1155 734 1220 800 alia

108 843 218 905 castra
239 838 437 925 excipientl‘
478 840 541 915 lll,
566 848 602 904 22
628 877 665 887 -
691 838 772 915 ,Nisi
795 840 867 923 quie
889 840 1018 914 retinet,
1041 840 1125 904 idern
1150 863 1220 904 sua-

108 969 166 1011 sor
180 949 358 1028 auctorque
380 944 505 1009 consilii
528 956 607 1010 ero.‘
637 947 723 1008 dnn.
738 945 818 1024 XV,
837 953 873 1008 2:
891 984 928 993 -
951 943 999 1021 ,Si
1015 947 1221 1010 cunctatione

66 1081 69 1085 ·
108 1049 239 1134 deliqui,
262 1050 383 1134 virtute
406 1050 587 1136 corrigam.‘

118 1243 120 1246 Α
196 1157 267 1220 'lam
290 1177 390 1239 quum
421 1177 475 1219 eas
505 1157 682 1237 sentent-ias
711 1150 942 1220 conditionales
965 1156 997 1220 in
1019 1156 1221 1221 Taciticon·

80 1299 82 1302 ·
108 1260 255 1326 cionibus
278 1260 436 1346 obliquis,
466 1283 550 1345 qnae
580 1251 794 1327 subiunctivis
819 1260 979 1326 absolutis
1001 1267 1219 1349 exponuntur,

108 1389 237 1454 semper
258 1367 375 1452 prioris
397 1368 524 1453 generis
539 1389 618 1441 esse,
641 1368 720 1432 satis
740 1369 782 1432 sit
797 1367 1065 1443 demonstratum,
1090 1371 1234 1455 praeter⁴⁴

108 1473 257 1558 exempla
285 1472 340 1538 illa
356 1473 453 1537 'inter
477 1473 700 1537 antecedentia
730 1474 792 1536 ianr
821 1473 981 1560 explicata
1003 1474 1134 1538 afferam
1158 1474 1221 1537 aliu

108 1577 285 1652 nonnulla,
301 1578 334 1641 ia
355 1579 472 1663 quibus
495 1577 688 1643 subiunctivi
710 1578 836 1643 relativi
857 1579 994 1644 alterum
1018 1602 1120 1664 genus
1143 1580 1221 1643 indi·

108 1687 194 1752 eant.
249 1681 370 1749 Statim
393 1685 535 1749 occurrit
557 1683 664 1759 locus,
695 1682 751 1747 ubi
773 1683 870 1748 ambo
893 1706 1012 1770 genera
1034 1684 1120 1748 baud
1143 1693 1220 1750 'sane

107 1789 248 1855 fortuito
269 1788 481 1854 subiunctivis
505 1789 640 1855 relativo
662 1792 695 1853 et
718 1788 868 1854 absoluto
891 1790 1040 1854 distinxit
1062 1790 1221 1876 scriptura

107 1895 198 1961 Hist.
223 1895 282 1969 lv,
313 1899 374 1959 81:
418 1894 541 1960 Medici
563 1897 651 1959 varie
680 1895 851 1958 disserere:
884 1895 983 1971 ,Huic
1006 1919 1069 1961 non
1093 1908 1221 1959 exesam

109 2001 175 2064 rim
197 2001 327 2064 luminis
348 2004 382 2065 et
402 2000 593 2076 redituram,
616 2002 642 2064 si
667 2000 863 2086 pellerentur
886 1999 1069 2076 obstantia;
1092 2000 1137 2064 illi
1159 2001 1222 2065 em

109 2129 188 2194 psos
209 2107 242 2171 in
264 2129 401 2191 pravum
423 2112 531 2182 artus,
553 2106 580 2170 si
603 2105 741 2170 salubris
764 2105 817 2170 vis.
834 2105 1103 2182 adhibeatur,
1127 2127 1222 2193 posse

108 2212 290 2296 integrari!
324 2211 403 2287 lllic,
426 2213 498 2297 ipsa
513 2234 565 2274 res
587 2213 695 2297 posita
716 2234 792 2276 num
808 2211 867 2275 liat
883 2233 968 2287 vera,
992 2213 1119 2298 respici,
1142 2212 1222 2275 satis

109 2317 310 2402 significatur
344 2316 636 2403 temporefuturo
659 2317 747 2402 quod
778 2322 829 2382 est
858 2319 891 2382 in
920 2317 1077 2403 apodosi..
1123 2318 1222 2397 (Diae

108 2458 154 2471 --
169 2422 308 2499 ,redibit
331 2423 358 2486 si
381 2423 551 2509 pellentur‘
566 2461 611 2472 -
626 2423 676 2487 vel
689 2437 742 2472 ⁴-
764 2423 948 2510 ,pellantur‘
964 2429 1030 2506 --).
1064 2423 1131 2488 Hie
1146 2443 1223 2487 vero

108 2527 143 2593 id
174 2531 303 2592 tantum
333 2532 485 2613 urgetur,
518 2529 606 2612 quod
636 2530 761 2594 nitatur
791 2553 876 2594 nexu
906 2529 991 2593 inter
1020 2527 1165 2615 protasia
1189 2532 1223 2592 et

109 2633 267 2719 apoduein
287 2655 402 2698 verum
425 2635 641 2719 inpraesenti
671 2633 731 2721 (-
753 2638 901 2720 ,possunt
924 2634 1099 2720 integrari,
1130 2634 1155 2697 si
1177 2669 1221 2688 -ψ

109 2737 318 2826 adhibetur‘).
365 2737 510 2805 Omnino
533 2745 662 2827 tempus
684 2741 832 2804 l'uturum
855 2742 888 2804 in
911 2740 1056 2828 npodosi,
1079 2739 1223 2826 exceptis

108 2843 268 2908 eiusmodi
292 2843 457 2930 exemplis,
481 2845 588 2928 <qualia
609 2847 641 2910 in
665 2847 929 2911 antecedentibus
952 2851 1028 2910 sunt
1051 2844 1220 2932 explicata,

109 2948 252 3015 indicare
282 2938 364 3014 solet
396 2950 534 3014 alterum
565 2953 797 3017 sententiarum
821 2951 1086 3017 conditionalium
1108 2971 1221 3036 genus,

110 3052 333 3132 CtAnn.1,
367 3065 425 3133 1⁷3
458 3057 566 3132 Xlll,
597 3064 628 3120 6.
653 3063 713 3133 383
749 3057 849 3133 xlv,
873 3066 932 3133 203
956 3057 1035 3131 XV,
1061 3063 1122 3132 623
1144 3055 1220 3119 hist

110 3159 171 3234 lv,
195 3165 255 3237 523
279 3162 323 3238 ll,
347 3163 529 3240 323X111,
553 3170 613 3227 37:
636 3162 825 3249 (Tiridates)
840 3199 886 3210 -·-
902 3161 1053 3226 mittebat
1075 3167 1222 3226 oratores

109 3265 167 3344 (ad
189 3263 441 3350 Corbulonem),
469 3269 525 3354 qui
547 3306 604 3321 --
622 3269 882 3354 expostularent,
912 3290 991 3343 ,cur
1010 3267 1096 3331 datis
1119 3289 1222 3353 nuper

110 3369 279 3437 obsidibus
294 3374 577 3460 redintegrataque
589 3375 742 3449 amicitia,
766 3397 849 3458 quae
870 3374 963 3438 nouis
979 3394 1109 3457 quoque
1127 3372 1222 3437 >bena

109 3473 191 3541 liciis
213 3476 318 3542 locum
342 3481 498 3565 aperiret,
531 3484 638 3543 vetere
662 3481 834 3543 Armeniae
864 3479 1064 3565 possessione
1086 3478 1222 3565 depelle.

109 3587 213 3648 retur.
259 3584 347 3648 ldeu.
368 3585 511 3649 nondum
541 3585 647 3670 ipsura
671 3585 878 3672 Vologaesen
903 3589 1116 3656 commotum,
1146 3585 1222 3668 quia

110 3707 218 3761 carrea,
242 3711 340 3772 qnam
364 3690 396 3754 vi
417 3713 516 3775 agere
538 3689 683 3766 rnallent3
706 3691 754 3755 sin
778 3688 1050 3777 perstaretur
1071 3689 1103 3753 in
1129 3689 1221 3766 bello,

111 3815 176 3857 non
207 3793 318 3859 delore
348 3796 524 3860 Arsacidis
546 3796 699 3860 virtutem
731 3795 962 3879 fortunamque
998 3795 1127 3880 saepius
1158 3796 1221 3858 iarn

110 3899 204 3964 clade
225 3901 376 3966 Romana
405 3902 607 3988 expertanrl.
625 3937 670 3951 -ὴ
702 3901 774 3967 Hie·
793 3902 902 3976 lucus,
925 3910 1130 3984 quemqnam
1152 3922 1223 3966 esse

111 4005 224 4070 similis
252 4007 356 4073 rideri
385 4012 495 4094 potest
525 4013 621 4073 antea
650 4009 812 4095 explicato
842 4007 887 4071 illi
918 4014 972 4092 (p,
995 4012 1050 4088 26)
1077 4029 1117 4070 ex
1147 4004 1222 4075 hrot

110 4110 174 4187 lll,
188 4116 248 4187 20,
271 4116 437 4177 tamenen
457 4114 511 4189 iis,
530 4135 623 4198 quae
638 4115 844 4189 antecedunt,
867 4111 981 4189 elucet,
1003 4112 1137 4198 optime·
1150 4121 1224 4176 eon.
