2670 4508
652 169 695 227 20

121 395 162 438 ex
184 371 294 458 paucis
314 370 386 450 illis,
410 393 492 456 quae
514 372 555 439 de
577 372 678 444 trium
700 373 879 458 specierum
900 378 1018 438 natura
1032 378 1110 440 sunt
1132 374 1237 461 (licta,⁸

121 483 155 545 at
184 500 224 543 ex
258 499 369 546 earum
400 477 432 541 in
465 477 589 544 directa
621 477 768 545 oratione
800 482 967 544 structura
1000 480 1079 544 satis
1114 479 1233 547 elucet.

120 583 245 650 Prioris
261 604 337 648 vero
359 583 488 668 generis
510 583 688 662 sententiae
710 583 1098 671 conditionales,'qnippe
1112 586 1233 670 quibua

121 689 279 757 obiective
314 693 457 774 ponatur
491 689 652 762 conditio,
685 687 764 753 nihil
797 688 947 756 immixta
979 690 1162 756 subiectiva
1190 692 1236 760 da'.

120 797 258 873 peritate
280 795 349 859 eius
371 793 588 879 cogitatione,
617 793 808 879 plerumque
837 793 994 861 absolutis
1017 797 1235 863 subiunctivis

121 901 338 988 explicantur3
361 920 556 984 quamquam
580 898 641 982 boc
663 921 791 985 semper
811 898 870 964 fiat
886 922 1015 966 neeesse
1035 925 1100 968 non
1123 906 1233 969 estex

120 1007 191 1093 lege
212 1008 351 1076 statuta,
375 1026 435 1090 per
457 1026 553 1087 quam
577 1027 631 1071 eas
653 1026 782 1090 quoqne
801 1007 993 1087 sententias,
1010 1006 1134 1091 quibus
1158 1007 1234 1074 sub

120 1112 237 1177 iectiva
258 1111 306 1174 vis
337 1110 369 1172 in
401 1109 524 1174 directa
553 1110 699 1174 oratione
729 1133 793 1174 non
821 1115 893 1175 erat
922 1111 1042 1188 indita,
1070 1117 1181 1180 tamen
1211 1137 1233 1181 a

120 1221 270 1283 narrante
299 1215 401 1303 ipsius
429 1214 566 1280 arbitrio
589 1237 627 1279 ac
655 1215 772 1279 iudicio
796 1237 870 1280 cum
901 1216 1037 1282 subiecti
1065 1218 1230 1304 loquentis

49 1373 52 1379 .
119 1323 297 1412 praeterita
320 1320 517 1405 cogitatione
539 1321 641 1385 artius
664 1321 753 1407 iungi
768 1321 850 1388 licet.
882 1321 957 1387 Hoc
973 1322 1073 1408 igitur
1087 1325 1229 1411 primurn

120 1429 274 1516 exemplis
291 1426 352 1492 erit
368 1425 666 1500 demonstrandum,
691 1426 867 1491 sententias
883 1427 1125 1507 conditionales,
1149 1452 1230 1515 quas

120 1531 330 1600 subiunctivis
372 1530 530 1595 absolutio
563 1532 596 1596 in
637 1532 843 1615 concionibus
883 1532 1022 1618 obliquis
1056 1535 1231 1622 explicavit

119 1639 262 1711 Tacitus,
286 1659 450 1721 nunquam
466 1658 536 1701 esse
551 1638 692 1714 secundi,
704 1624 773 1702 ‘sed
791 1639 907 1724 prioria
923 1642 1068 1726 generis3
1091 1641 1124 1704 id
1141 1643 1230 1726 quod

120 1745 258 1811 maxime
281 1742 410 1826 quidem
433 1743 465 1807 in
490 1745 648 1828 promptu
669 1747 721 1808 est
743 1742 805 1819 ibi,
835 1744 906 1811 ubi.
921 1747 962 1811 de
992 1748 1129 1812 varitate
1158 1771 1229 1812 con-

119 1852 251 1931 ditionis
274 1849 400 1936 positae
422 1848 486 1913 iam
506 1847 564 1922 ,vix
587 1847 752 1934 ambigere
773 1850 885 1936 potuit
906 1852 1103 1927 subiectum,
1127 1875 1232 1937 quum

119 1981 157 2024 ea
178 1979 218 2022 ex
241 1959 336 2043 parte
358 1954 566 2039 quidem'ianr
583 1976 659 2019 vera
680 1960 774 2022 esset.
805 1957 972 2032 AnnXl,
992 1963 1049 2022 16:
1064 1995 1109 2006 —-
1123 1958 1229 2034 ‚Adeo

118 2063 277 2130 neminem
293 2060 395 2125 isdem
408 2059 441 2125 in
454 2060 548 2144 terris
560 2065 680 2136 ortum,
697 2062 753 2145 qui
769 2061 946 2148 principem
963 2062 1068 2127 locunr
1085 2063 1229 2148 impleat,

118 2170 179 2235 nisi
202 2165 417 2252 exploratoris
438 2164 531 2230 Flavi
556 2166 726 2250 progenies
748 2189 847 2252 super
869 2172 1003 2233 cunctos
1017 2168 1229 2257 attollaturll

118 2275 245 2341 Revera
272 2273 336 2336 iarn
364 2269 468 2335 Flavii
506 2272 677 2356 progenies
706 2293 803 2357 super
837 2278 971 2339 cunctos
1005 2273 1229 2352 attollebatur,

118 2402 218 2466 quum
235 2376 377 2449 ltalicus,
400 2374 504 2440 Flavii
520 2375 617 2451 filius,
638 2377 744 2441 Roma
765 2383 925 2443 rexesset
939 2379 1070 2468 accitus.
1095 2381 1168 2459 (nisi
1191 2407 1231 2441 :a

118 2484 222 2553 nisisi
243 2511 277 2542 =
297 2504 408 2548 ausser
419 2483 540 2562 uena.)
570 2481 607 2545 ln
631 2480 754 2553 directa
777 2482 924 2549 oratione
945 2489 1031 2549 esset
1052 2486 1232 2555 sententiaa

119 2589 344 2668 conditionalis
358 2585 465 2667 forma
484 2586 579 2664 baec:
595 2626 640 2636 -
655 2588 728 2666 ,nisi
743 2587 927 2655 attollitur.‘
958 2589 1099 2656 Prorsus
1114 2591 1232 2657 similis

119 2702 168 2762 est
189 2696 279 2770 locus
296 2717 336 2769 err
352 2716 425 2758 ann.
440 2693 506 2774 Xl,
531 2701 572 2759 23
587 2693 657 2758 hic:
681 2692 794 2787 Quum
811 2695 970 2780 primores
987 2693 1122 2773 Galliae,
1146 2719 1230 2781 quae

119 2805 247 2869 comata
276 2797 482 2885 appellatur,
501 2798 559 2885 ¹ius
591 2800 869 2885 adipiscendorum
893 2801 926 2865 in
956 2799 1036 2866 urbe
1065 2800 1232 2867 lronorurn

119 2911 318 2994 expeterent,
342 2904 476 2968 diversis
491 2895 608 2975 studiis
623 2904 828 2970 certabatur:
844 2941 890 2954 —-
903 2908 967 2982 ,An
990 2929 1116 2994 parurn,
1140 2909 1230 2991 quod

119 3013 236 3079 Veneti
259 3015 293 3076 et
315 3010 469 3077 insubres
489 3010 610 3094 curiam
639 3011 836 3096 inruperint,
863 3013 925 3077 nisi
947 3018 1058 3078 coetus
1081 3012 1236 3098 alienige,

118 3142 233 3196 narum
262 3117 350 3182 velut
378 3116 550 3203 eaptivitas
580 3116 822 3181 inferatur.‘
873 3119 944 3190 lam
974 3118 1144 3202 rogatione
1172 3119 1229 3187 illa

119 3227 297 3312 primorum
307 3221 440 3300 ,Galliae
454 3227 602 3291 comatae
616 3223 856 3306 quodammodo
871 3222 1079 3299 inferebatur,
1103 3229 1229 3299 ,coetus

118 3330 375 3415 alienigenarum¹
391 3327 481 3393 velut
504 3328 697 3413 captivitas‘.
724 3328 805 3405 XV,
832 3337 866 3392 1:
889 3365 935 3377 -
955 3329 1027 3406 ‚nisi
1051 3328 1230 3395 defendant

118 3434 245 3511 Parthi,
268 3435 369 3499 levius
385 3434 551 3497 servitium
569 3434 657 3519 apud
673 3435 838 3498 Romanos
854 3434 984 3517 deditis,
1004 3456 1101 3518 quam
1121 3436 1230 3522 captis

119 3550 209 3609 essa‘
252 3538 346 3604 Sicut
367 3562 408 3604 ex
428 3539 478 3615 iis,
501 3561 583 3624 quae
606 3540 637 3603 in
662 3539 776 3607 eodem
798 3540 905 3626 capita
927 3540 1140 3615 antecedunt,
1163 3540 1227 3604 elu-

119 3653 181 3721 cet,
205 3667 316 3711 revera
339 3645 455 3710 Parthi
476 3646 520 3711 ad
542 3645 576 3725 id
599 3648 728 3732 tempus
745 3645 938 3721 Adiabenos,
962 3647 1018 3730 qni
1034 3651 1228 3729 queruntur,-

119 3775 183 3819 non
193 3749 407 3825 defendebant
414 3751 489 3834 (nisi
502 3779 536 3827 τε,
550 3752 577 3817 εἰ
589 3754 675 3834 nont
690 3751 789 3819 Esset
800 3751 941 3836 igiturin
950 3751 1231 3821 directaoratinua

118 3858 278 3937 sententia
314 3856 537 3938 conditionalis
576 3856 670 3922 baec:
703 3894 749 3905 —-
780 3857 852 3932 ,nisi
889 3855 1066 3922 defendunt
1098 3856 1228 3923 Partlri‘

120 3962 325 4045 (subaudiast
353 3963 386 4026 id
409 3955 497 4047 quod
525 3984 639 4029 revera
662 3984 727 4027 non
758 3961 906 4050 faciunt).
951 3962 1133 4037 Histlll,
1167 3971 1227 4029 24:

102 4068 276 4143 Antonius
296 4105 343 4129 -ι-
363 4068 446 4135 alios
478 4068 609 4158 pudore
637 4071 672 4170 et
701 4066 897 4156 probris-..-÷
919 4069 1096 4167 accendens
1115 4071 1229 4134 —-›in··
