2670 4508
119 367 195 435 cola.
209 372 265 432 152
279 406 332 422 --
340 366 487 431 Britanni
502 368 627 453 agitare
642 368 727 434 inter
742 390 777 433 se
792 367 876 433 mala
890 367 1068 449 servitutis,
1083 368 1230 453 conferrc

119 472 307 550 iniuriasct
329 472 583 558 interpretando²
602 473 791 547 accendere:
813 511 859 522 -
881 473 1045 560 ,Singulos
1067 473 1129 545 sibi
1152 473 1228 553 olim

118 599 211 663 reges
228 576 349 650 ¹fuisse,
372 599 456 643 nunc
478 578 570 644 binos
598 579 738 665 imponi3
771 578 930 664 equibus
952 579 1079 665 legatus
1104 579 1138 644 in
1160 601 1228 644 sana

118 685 263 770 guinem,
284 688 476 768 procurator
491 683 524 747 in
540 683 625 749 bona
642 686 793 750 saeviret‘
815 685 904 772 (,von
919 685 1021 750 denen
1037 721 1083 732 ··-
1098 685 1228 763 wiithen

118 788 233 875 sollc‘).
278 787 485 874 Exprimitur
506 790 668 855 sententia
696 790 831 855 relativa
854 790 1045 867 consilium,
1073 790 1229 876 quodin,

118 895 238 961 stituto
261 893 306 959 illi
322 894 544 959 Romanorum
566 894 752 960 attribuunt
766 895 915 961 Brit-unni
938 918 977 960 ex
1000 919 1060 960 sua
1073 897 1228 984 interpre-

116 1002 252 1075 tatione.
282 999 358 1064 Hoc
379 1000 486 1086 ipsum
510 1000 600 1077 illud,
622 998 720 1085 quod
733 1001 864 1066 vocibus
881 1002 1113 1067 Britannorum
1137 1025 1228 1090 prae,

118 1106 206 1172 misit
235 1105 376 1191 scriptor
405 1106 660 1193 ,interpretando
693 1107 887 1182 accendere‘,
922 1108 1050 1173 videtur
1072 1113 1226 1194 spectare

116 1211 291 1289 Praeterea
320 1211 401 1276 haec
430 1212 602 1297 explicatio
632 1235 706 1276 cum
734 1213 836 1277 totius
864 1211 926 1277 loci
955 1214 1079 1278 ratione
1102 1214 1226 1300 optime

116 1317 264 1384 convenit
271 1341 281 1394 ;
319 1317 374 1401 qui
404 1317 438 1381 id
475 1318 637 1401 sequitur,
671 1321 710 1382 ut
742 1318 854 1382 odium
884 1322 982 1403 atque
1014 1318 1225 1385 acerbitatem

115 1426 229 1488 contra
251 1423 415 1488 Romanos
437 1422 591 1488 ostendat
613 1426 646 1487 et
668 1423 800 1488 excitet.
829 1423 868 1487 ld
891 1446 968 1488 vero
991 1424 1080 1508 quod
1097 1426 1224 1507 attinet,

114 1529 264 1606 instituta
287 1528 507 1593 Romanorum
530 1528 737 1614 interpretari
760 1529 816 1604 itu,
840 1531 931 1613 quasi
954 1534 1133 1614 sequuntur
1154 1552 1224 1611 con-

114 1635 219 1700 silium
243 1633 378 1698 vexandi
393 1633 579 1709 Britannos,
603 1634 706 1699 multo
721 1633 882 1700 efficacius
905 1638 965 1712 cst,
987 1657 1085 1719 quam
1106 1635 1225 1721 simpli-

114 1741 196 1807 citer
218 1737 379 1804 affirmare
401 1740 504 1826 ipsam
530 1762 613 1815 rem,
644 1741 754 1803 vexari
776 1740 951 1805 Britannos
973 1741 1133 1805 institutis
1152 1740 1225 1816 illie.

113 1846 184 1913 lum
206 1844 284 1909 nihil
316 1845 403 1911 aliud
433 1846 569 1911 sensisse
598 1844 692 1909 video
724 1843 998 1924 Car.,Wexium,
1018 1846 1083 1930 -qui
1110 1846 1143 1910 in
1167 1869 1225 1911 sua

114 1950 286 2037 Agricolae
319 1951 460 2016 editione
490 1950 640 2015 adhunc
670 1950 776 2015 locum
807 1951 959 2016 adnotat:
992 1951 1152 2027 ,Alterum
1187 1955 1226 2031 ut

113 2057 263 2132 saeviret,
287 2057 363 2140 qnia
383 2055 531 2123 acerbius
553 2056 695 2132 dictum,
718 2056 888 2142 praeler0.‘
932 2056 1021 2122 Male
1043 2057 1145 2142 igitur
1165 2056 1225 2123 Er·

112 2162 236 2240 nestius
264 2161 394 2226 coniicit
416 2163 635 2225 accusativum
665 2184 738 2242 cum
763 2162 920 2228 infinitivo
947 2185 984 2240 ,ep
999 2161 1116 2247 quibus
1139 2162 1225 2249 lega

112 2273 165 2336 tos
181 2306 226 2316 -
241 2268 384 2345 saevire,
407 2267 514 2351 ‚quia‘‚
536 2267 652 2350 inquit,
676 2268 713 2342 ‚si
737 2269 924 2339 nominativi
948 2274 1055 2333 essent
1070 2272 1149 2344 veri,
1170 2268 1224 2342 ¹de

112 2372 204 2439 beret
227 2396 296 2440 esse
319 2397 382 2440 non
412 2372 573 2450 ,saeviret
596 2371 653 2435 sed
677 2373 830 2448 ‚saeviat‘.
876 2373 976 2439 Haud
998 2375 1095 2439 dubie
1117 2375 1223 2439 virum

112 2479 256 2555 doctum,
282 2484 319 2544 ut
340 2479 388 2543 ita
411 2481 556 2565 putaret,
579 2477 785 2544 adduxerunt
808 2468 1001 2545 subiunctivi
1025 2480 1167 2547 absoluti
1189 2486 1225 2563 et

112 2585 336 2651 antecedentes
360 2590 392 2651 et
416 2587 599 2669 sequent-es.
651 2581 866 2662 Conserntur‚
890 2584 1032 2661 silibet,
1061 2585 1227 2669 Waltlreri

111 2690 153 2754 ad
176 2689 261 2755 hunc
280 2688 387 2761 locum
410 2689 596 2765 adnoteti03
635 2711 829 2773 quamquam
849 2688 972 2755 fallitur
987 2713 1038 2766 eo,
1062 2693 1150 2776 quod
1166 2715 1222 2778 pu

111 2799 178 2870 tat,
210 2794 447 2859 subiunctivum
470 2792 639 2870 relativum
662 2795 829 2871 ‚saeviretf
844 2796 912 2865 sine
934 2797 1224 2880 notionc'consilii,

110 2901 194 2966 sicut
222 2925 241 2965 a
264 2898 416 2965 Wclchio
437 2899 653 2985 intelligatur,
683 2921 864 2987 repugnare
892 2900 1062 2966 latinitatis
1085 2901 1219 2989 legibus.

109 3007 216 3081 Immo
239 3028 280 3071 ex
302 3005 405 3071 totius
425 3005 488 3074 loci
509 3006 643 3081 ratione,
666 3027 723 3070 seu
745 3006 816 3091 quis
836 3007 1001 3071 notionem
1025 3007 1149 3074 consilii
1172 3031 1224 3088 acj

109 3112 205 3199 cipit,
228 3133 284 3176 seu
307 3111 430 3188 reiicit,
458 3110 680 3176 subiunctivus
702 3112 856 3177 relativus
878 3115 967 3176 recte
987 3133 1021 3176 se
1043 3112 1158 3190 habet,
1187 3118 1220 3178 et

110 3239 148 3293 eo
167 3207 330 3303 'significat
352 3217 494 3302 scriptor
517 3217 581 3280 vim
605 3217 784 3282 sentcntiae
805 3216 1025 3297 sribiectiuam.

536 3467 795 3478 ...w

594 3730 732 3827 1X.

114 3911 118 3917 ι
195 3954 314 4030 Refert,
336 3959 375 4021 ut
395 3924 497 4043 ipsius
520 3956 657 4042 subjecti
679 3957 840 4041 loquentis
862 3957 1040 4044 praeterita
1060 3920 1220 4045 cogitatio¹

92 4065 274 4153 appareat,
289 4059 373 4135 licet,
381 4061 425 4138 id,
440 4063 636 4146 quoddixit,
653 4062 696 4127 sit
711 4062 867 4129 obiectirc
882 4084 1005 4139 verum,
1020 4064 1077 4163 ubi
1092 4069 1222 4145 senten,
