2670 4508
670 138 713 206 44⁴

143 353 266 418 tentiae·
287 353 437 419 materies
459 375 479 416 a
500 357 653 417 narrante
674 356 832 438 concepta
842 339 1012 427 ¹reddatur,
1035 353 1094 417 sed
1107 351 1250 417 'affectus'

143 457 360 542 simulatque
390 458 572 534 miseratio,
611 473 749 543 quaeum
777 455 962 522 asubiecto
996 456 1157 522 sententia
1181 479 1251 544 pro-

144 563 372 639 nunciabatur,
408 587 457 628 ex-
483 564 584 650 ipsius
619 565 726 629 animo
761 568 937 650 repetatur.
992 561 1098 627 Simili
1128 550 1251 626 ratione

143 667 365 733 subinnotivus
395 657 547 735 relativus
577 667 740 739 adhibitus
763 674 830 744 est,
854 671 893 732 ut
913 669 1063 744 iactatio,
1092 689 1159 752 qua
1182 667 1251 732 snb-

143 774 262 838 iectum
286 774 479 838 sententiam
502 773 723 858 eloquebatur,
748 774 849 838 simul
861 773 1074 859 exprimatur,
1097 773 1170 838 loco
1193 771 1252 837 hoc

143 878 219 943 hist.
243 879 309 952 lll,
340 885 398 943 53:
430 880 622 969 (Antonius)
644 882 768 945 litteras
796 880 838 944 ad
862 880 1096 966 Vespasianum
1124 899 1248 963 compo-

143 985 209 1049 suit
224 984 397 1048 iactantius
420 999 515 1068 quam
532 987 572 1049 ad
600 987 787 1072 principem,
812 1007 870 1050 nec
891 986 960 1049 sine
975 984 1103 1049 occulta
1124 984 1159 1047 in
1181 983 1252 1048 Mu-

143 1089 269 1177 cianum
292 1091 520 1154 insectatione:
548 1129 593 1138 -
619 1090 731 1171 ,Quod
759 1090 923 1156 discordes
950 1090 1177 1176 dispersaeque
1201 1089 1252 1152 Vi-

143 1195 222 1259 tellii
245 1184 547 1281 legiones-equestri
572 1196 728 1282 procella,
759 1218 834 1260 mox
858 1195 1004 1282 peditum
1034 1195 1066 1260 vi
1089 1217 1148 1280 per
1168 1194 1251 1257 diem

145 1304 337 1383 noctemque
357 1299 557 1378 fudisset,
581 1302 615 1365 id
638 1302 889 1388 pulcherrimum
913 1305 945 1365 et
968 1301 1016 1365 sui
1040 1301 1171 1386 operis‘
1204 1299 1252 1364 ln-

144 1406 290 1491 dignatio
314 1405 449 1470 subieeti
481 1407 641 1491 loquentis
664 1407 865 1494 significatur
888 1405 1093 1471 subiunctivo
1117 1404 1252 1469 relativo

144 1511 178 1578 in
201 1510 348 1596 exemplo
371 1510 431 1575 hoc
454 1534 523 1577 ann.
542 1513 620 1589 XV,
641 1521 697 1579 19:
721 1513 844 1598 Magna
866 1534 939 1576 cum
961 1511 1082 1577 invidia
1104 1513 1252 1574 se‘natunr

144 1617 282 1692 adeunt3
305 1639 366 1678 —r
395 1654 439 1664 —-
468 1617 567 1692 ,Satis
591 1620 686 1705 pretii
710 1641 779 1682 esse
802 1617 907 1695 orbis,
931 1617 1019 1701 qnod
1043 1605 1147 1680 multa
1168 1636 1252 1680 seca-

144 1722 256 1795 ritate,
280 1721 374 1785 nullis
398 1721 566 1799 oneribus,
594 1724 750 1811 gratiam,
776 1723 930 1798 honores,
962 1727 1078 1787 cuncta
1101 1724 1253 1808 prompta

144 1830 179 1890 et
201 1825 297 1890 obvia
320 1826 544 1893 haberent‘
589 1830 688 1894 Ratio
711 1852 747 1894 ae
770 1829 957 1903 consilium,
988 1827 1253 1911 qua-subiectum

145 1931 186 1995 ad
211 1932 455 2016 assequendum,
479 1956 575 2017 quem
602 1935 737 1999 orationi
763 1956 840 1997 suae
862 1934 1044 2020 proposuit,
1067 1933 1164 1996 linem
1189 1940 1254 1995 senss

145 2038 279 2100 tentiam
315 2036 543 2122 eloquebatur,
583 2041 720 2104 maxime
755 2039 870 2126 respici
907 2038 1036 2103 videtur
1075 2038 1154 2102 locis
1188 2035 1253 2100 his:

145 2142 232 2209 Hist.
257 2142 323 2216 lll,
349 2150 408 2207 24:
431 2141 659 2227 (Antonius
684 2145 820 2208 militum
844 2145 968 2208 animos
991 2144 1165 2208 accendere
1186 2143 1255 2207 vult

146 2247 187 2312 ad
209 2247 341 2313 fortiter
363 2247 602 2336 pugnandum):
632 2285 677 2296 —-
707 2248 795 2324 ,lllos
819 2259 888 2314 esse
911 2271 1055 2335 campos,
1083 2250 1117 2314 in
1139 2247 1255 2333 quibus

145 2351 274 2418 abolere
302 2353 405 2418 labem
438 2354 554 2440 prioris
577 2354 786 2439 ignominiae,
819 2353 1087 2440 ubirecuperare
1120 2353 1255 2438 gloriam

146 2464 301 2546 possent!
352 2463 435 2526 Ana,
459 2460 564 2535 XlV,
595 2467 652 2525 36:
688 2458 863 2524 Suetonius
885 2470 931 2508 -'
957 2445 1256 2525 exhortationes'et

147 2588 257 2652 preces
274 2564 439 2642 miscebat,
463 2570 500 2629 ut
516 2569 704 2651 spernerent
720 2587 851 2630 sonores
867 2565 1079 2631 barbarorum
1095 2569 1130 2630 et
1146 2567 1255 2629 inanes

148 2673 265 2736 minas:
287 2710 333 2719 —
355 2672 475 2746 ,Etiam
499 2672 531 2734 in
555 2670 664 2735 multis
680 2669 860 2757 legionibus
876 2694 1006 2757 paucos,
1031 2673 1086 2756 qui
1109 2671 1256 2758 profliga-

147 2782 241 2842 rent‘
288 2778 375 2842 Hist.
395 2780 447 2852 lV,
473 2786 508 2843 8:
533 2776 721 2864 (Marcellus
745 2779 956 2863 comprobare
976 2777 1048 2842 vult
1063 2776 1254 2842 sententiam

147 2905 257 2960 suam,
292 2888 380 2947 sorte
403 2883 477 2968 eligi
501 2886 653 2968 oportere
676 2882 818 2968 legatos,
842 2884 897 2966 qui
919 2883 961 2947 ad
984 2883 1161 2969 prinoipem
1188 2883 1256 2946 mit-

148 2990 289 3078 tantur):
313 3027 368 3065 ,-
389 3010 452 3052 non
476 2990 783 3067 suam,sententianr
799 2989 992 3075 impugnari,
1016 2989 1073 3053 sed
1092 2990 1256 3053 consulem

147 3097 352 3182 designatum
383 3094 552 3159 censuisse‘
576 3093 722 3170 dicebat,
750 3096 936 3175 ,secundum
954 3097 1076 3158 ¹vetera
1098 3094 1255 3182 exempla,

148 3223 230 3285 quae
262 3199 382 3265 sortem
412 3200 626 3285 legationibus
649 3201 908 3285 posuissent,
939 3223 979 3263 ne
1009 3198 1256 3264 ambitioniaut

147 3308 323 3372 inimicitiis
335 3307 423 3371 locus
438 3306 545 3371 foret.
584 3304 651 3370 Sed
666 3304 727 3368 lroo
743 3307 813 3369 loeo
837 3304 924 3369 haud
940 3305 1135 3390 negaverim,
1160 3287 1256 3369 etiam

148 3413 376 3499 interpositum
406 3412 485 3476 illud
515 3410 665 3485 ,dicebat‘
695 3411 745 3497 (er
768 3414 879 3496 sagte,
909 3394 1115 3474 wiederlrolte
1146 3409 1256 3496 diter),

148 3536 212 3604 quo
236 3518 456 3582 vehementius
479 3517 521 3581 ad
544 3517 649 3604 ipsum
673 3516 853 3580 subiectum
877 3515 1010 3599 loquens
1031 3517 1173 3580 vertitur
1195 3515 1257 3580 ani-

150 3618 237 3700 mus,
268 3625 465 3709 aliquantum
488 3624 641 3698 valuisse,
674 3626 710 3686 ut
732 3644 791 3707 pro
815 3622 947 3707 propria
973 3622 1077 3708 ipsius·
1097 3621 1258 3685 referatur
1302 3663 1304 3666 v

148 3731 308 3796 sententia
321 3729 526 3794 subiunctivo
541 3728 685 3795 relativo.
718 3726 859 3796 Cinna.
876 3727 937 3802 lll,
955 3735 1011 3792 33:
1031 3740 1069 3775 -ὲ
1088 3725 1257 3791 multum

149 3841 242 3901 ante
265 3837 452 3922 repetito
474 3873 516 3883 -
539 3856 656 3918 ,sequa
679 3856 762 3919 quae
786 3834 817 3899 in
840 3832 1002 3919 publicum
1025 3823 1257 3905 statueret,

149 3943 237 4009 domi
253 3942 429 4006 servavisse
445 3937 587 4004 cohibita
597 3940 684 4003 intra
696 3938 818 4003 ltaliam
827 3938 966 4026 (uxore),
980 3924 1175 4022 quamquam
1191 3939 1258 4024 ipse

150 4050 253 4137 pluris
274 4071 331 4136 per
361 4045 542 4135 provincias
565 4044 782 4130 quadraginta
804 4044 965 4131 stipendia
992 4042 1256 4130 explevisset‘
