2670 4508
1028 58 1070 155 :ri

707 178 727 236 4

109 408 113 418 ¹
164 382 335 470 scriptoris
357 382 483 447 animus
505 382 538 446 in
560 383 739 468 praeterito
761 387 909 468 tempore
931 387 1085 467 tanquam
1109 383 1174 449 sibi
1192 407 1286 471 prae

165 487 259 564 senti,
286 489 417 552 omnino
439 487 472 551 in
494 491 568 553 toto
591 489 697 574 capite
719 487 841 553 nullum
861 489 1012 555 occurrit.
1056 487 1159 553 Haud
1183 488 1286 557 dubie

165 594 267 680 igitur
288 592 369 657 illud
390 593 655 678 ‚interrogentur‘
684 598 735 659 est
763 593 949 684 corruptela
971 592 1083 657 similis
1105 593 1165 670 iis,
1199 616 1285 679 quas

34 743 36 747 ψ
165 699 250 764 inira
264 698 447 785 complures
463 697 654 773 videbimus,
677 703 711 764 et
733 699 908 785 genuinum
925 698 1035 774 estid,
1058 700 1145 784 quod
1164 701 1285 788 Lipsio

165 809 344 892 praeeunte
365 804 577 868 restituerunt
599 803 752 890 plerique,
767 804 917 881 editores,
940 805 1279 890 ,interrogarentur‘·.

593 1053 853 1065 ...—-.-..—.

671 1316 767 1412 Π.

252 1543 323 1607 lam
347 1542 374 1606 si
397 1541 504 1607 oratio
524 1541 655 1626 obliqua
676 1542 727 1607 vel
756 1542 930 1617 indirecta,
959 1564 1043 1627 qnae
1065 1544 1203 1629 proprie
1226 1567 1284 1610 vo

164 1651 276 1723 entur,
302 1648 437 1712 inservit
459 1647 655 1712 enarrationi
679 1670 809 1724 eorum,
837 1668 920 1731 quae
942 1649 1014 1733 quis
1037 1648 1137 1725 dixit,
1169 1649 1219 1715 ita
1241 1655 1283 1717 nt

164 1754 343 1819 sententiae
366 1775 430 1818 non
445 1753 585 1838 genuina
599 1774 659 1817 sna
680 1753 794 1829 forma,
818 1776 883 1838 qua
897 1752 1079 1819 subiectum
1094 1775 1151 1819 eas
1167 1756 1281 1822 verbis

163 1860 333 1946 expressit,
357 1861 556 1945 repetantur,
579 1858 636 1922 sed
658 1880 770 1923 earnm
794 1863 922 1923 tantum
953 1881 1066 1925 sensus
1090 1859 1282 1928 referantur

163 1988 204 2030 ex
227 1965 424 2052 cogitatione
447 1963 598 2039 subiecti,
633 1964 732 2028 etiam
754 1963 832 2031 baec
855 1986 872 2030 e
894 1967 1012 2035 natura
1034 1987 1093 2029 sua
1115 1965 1282 2035 obstricta

163 2075 214 2136 est
242 2071 314 2157 lege
342 2071 383 2136 de
413 2075 598 2155 temporum
629 2071 854 2136 consecutione
884 2074 1020 2135 statuta.
1074 2070 1142 2137 Ubi
1172 2073 1281 2156 igitur

163 2175 297 2242 verbum
320 2197 435 2261 regens
457 2175 620 2239 antecedit
644 2176 876 2260 praeteritum,
906 2176 939 2240 in
969 2177 1117 2244 oratione
1140 2177 1281 2265 obliqua

162 2283 222 2347 soli
256 2280 450 2347 subiunctivi
490 2279 614 2344 relativi
652 2285 760 2345 essent
788 2280 970 2349 adhibendi.
1033 2282 1156 2347 Verum
1197 2284 1282 2352 baec

163 2386 278 2452 relatio
308 2386 541 2450 sententiarum
569 2386 611 2449 ad
640 2387 848 2472 praeteritam
880 2387 948 2453 eius
978 2388 1033 2471 qui
1064 2386 1194 2454 locutus
1225 2397 1281 2458 cst

162 2493 394 2578 cogitationem
424 2491 611 2576 saepissime
639 2491 828 2577 negligitur.
845 2491 887 2557 ab
917 2492 1079 2558 historicis
1108 2493 1220 2562 latinis
1244 2499 1281 2565 in

162 2597 370 2663 concionibus
394 2594 543 2681 obliquis,
568 2620 647 2681 quas
669 2597 848 2663 narrationi
863 2620 971 2662 rerum
993 2600 1134 2666 inserere
1156 2601 1278 2669 solent

163 2702 323 2787 Exempla
344 2701 443 2766 affero
459 2702 566 2766 baeer
598 2702 692 2767 Caes.
717 2702 789 2767 bell.
814 2701 900 2768 Gall.
925 2705 958 2778 l,
982 2711 1043 2769 44:
1073 2706 1279 2784 (Ariovistus

163 2845 208 2856 -
228 2807 455 2894 praedicarit)2
479 2844 534 2890 ,—7
556 2807 753 2894 stipendium
778 2829 812 2873 se
834 2830 950 2894 capere
972 2810 1042 2874 iure
1069 2810 1160 2887 belli,
1184 2816 1278 2896 quod

164 2914 301 2978 victores
325 2913 418 2977 victis
440 2913 605 2999 imponere
620 2913 814 2977 consuerint.
830 2951 876 2961 -
890 2916 976 2978 —si
992 2916 1109 2979 iterum
1131 2919 1279 3002 experiri

162 3019 278 3095 velint,
308 3019 426 3082 iterum
449 3022 601 3105 paratum
625 3041 695 3084 sese
725 3019 908 3095 decertarc3
938 3020 965 3082 si
989 3043 1069 3105 paco
1090 3023 1137 3085 uti
1161 3022 1276 3101 velint,

162 3126 306 3209 iniquum
330 3146 400 3188 esse
422 3124 463 3189 de
483 3126 643 3211 stipendio
667 3147 824 3199 recusare,
849 3127 937 3209 quod
960 3147 1020 3190 sua
1043 3126 1211 3194 voluntate
1231 3132 1277 3195 ad

163 3231 196 3296 id
222 3235 350 3314 tempus
374 3229 595 3315 dependerint.
613 3269 648 3277 -·
670 3269 714 3278 -·-
738 3229 828 3310 Quid
850 3231 912 3296 sibi
934 3230 1049 3296 vellet?
1079 3270 1123 3280 -
1146 3232 1196 3298 Ut
1210 3235 1277 3321 ipsi

34 3360 47 3373 ··
163 3359 226 3400 non
250 3335 381 3400 concedi
404 3341 580 3421 oporteret,
603 3336 630 3398 si
652 3336 684 3398 in
708 3340 837 3402 nostros
859 3336 939 3400 lines
958 3336 1115 3423 impetum
1137 3337 1275 3428 faceret,

162 3442 209 3506 sic
231 3442 308 3505 item
331 3463 391 3505 nos
407 3463 477 3505 esse
491 3440 628 3524 iniquos,
653 3442 757 3525 quiin
773 3464 832 3507 suo
848 3443 917 3506 iure
933 3463 967 3506 se
981 3443 1274 3529 interpellaremus.

162 3584 207 3598 -ψ
222 3584 266 3594 -
283 3544 349 3625 Qui
372 3547 433 3610 nisi
448 3547 593 3612 ,decedat
608 3550 706 3631 atque
728 3549 904 3612 exercitum
922 3547 1077 3623 deducat,
1095 3570 1166 3614 sese
1180 3549 1274 3616 illum

162 3675 227 3717 non
249 3675 309 3737 pro
326 3653 439 3728 amico,
462 3654 520 3716 sed
542 3675 602 3739 pro
627 3652 720 3718 hoste
742 3651 947 3717 habiturum:
972 3654 1105 3738 quodsi
1129 3676 1204 3718 eum
1227 3657 1275 3723 in-

163 3755 344 3833 terfecerit,
369 3756 478 3822 multis
502 3780 571 3823 sese
596 3748 750 3822 nobilium
773 3762 969 3844 —gratum
994 3781 1064 3824 esse
1089 3760 1273 3839 iacturum

162 3862 196 3926 id
212 3884 246 3926 se
262 3861 302 3926 ab
317 3863 396 3948 ipsis
412 3885 595 3949 percorum
612 3866 742 3928 nuntios
758 3868 959 3950 compertum
977 3864 1106 3942 habere,
1131 3887 1273 3949 quorum

163 3968 305 4032 omnium
343 3969 480 4053 gratiam
519 3973 617 4052 alque
653 3970 826 4034 amicitiam
863 3970 931 4034 eius
967 3976 1070 4035 morte
1113 3971 1274 4041 redimere

162 4079 284 4161 posset.
307 4113 352 4122 -
372 4084 427 4121 -‘

80 4136 160 4244 Ν
