2670 4508
111 360 210 421 quam
224 339 403 405 sententiae
415 337 595 409 subiectum
608 340 747 415 navavit,
760 339 863 425 magis
874 339 1043 425 perspicue
1055 344 1231 427 appareat,

113 443 163 515 liis
185 447 300 509 contra
329 444 406 511 nihil
435 444 550 531 respici
580 446 640 508 nisi
663 444 767 511 nudos
791 445 957 518 (lictorum,
976 468 1088 510 sensus
1111 470 1133 511 a
1155 468 1232 511 nar,

112 553 205 615 rante
227 555 400 636 conceptos
423 551 456 614 in
479 551 611 635 eiusque
633 557 762 636 tempus
785 550 971 615 translatos.
1017 549 1230 618 Subiuuotivi

112 655 240 720 relativi
261 656 403 741 igiture
424 661 542 723 natura
564 679 623 723 sua
643 657 801 742 aptissimi
823 660 936 730 eruut,
968 656 1023 720 ubi
1046 657 1230 722 sententiae

112 783 152 825 ex
175 760 245 846 ipsa
267 760 401 826 subiecti
426 762 622 847 cogitatione
645 767 721 825 sunt
744 761 954 838 hauriendae,
983 762 1059 845 quia
1081 784 1120 827 ca
1143 762 1229 839 sola,

112 887 215 950 acque
245 889 322 931 vero
351 864 448 936 rebus
477 866 571 932 simul
600 868 762 933 extraneis
792 868 957 942 nituntur,
986 868 1014 931 si
1046 867 1229 945 subiective

111 974 239 1037 tantum
262 993 366 1056 neque
390 995 467 1036 vero
490 972 646 1038 obiective
668 995 763 1040 verae
785 972 951 1048 suut„vcl
975 973 1030 1037 ubi
1054 974 1228 1059 proprium

112 1097 151 1144 ue
172 1077 331 1162 peculiare
352 1077 507 1153 subiecti,
536 1079 626 1143 cuius
649 1079 736 1143 (licta
759 1069 954 1155 narrantur,
972 1080 1160 1164 exprimunt
1186 1078 1229 1144 de

111 1181 208 1245 rebus
231 1182 401 1258 iudicium3
423 1183 456 1246 iu
474 1184 655 1248 universum
672 1184 726 1248 ubi
751 1183 859 1260 refert,
884 1188 920 1248 ut
943 1183 1122 1248 subiectum
1139 1185 1228 1270 cogi·

112 1291 185 1351 tans
208 1289 239 1352 in
263 1290 422 1352 sententia
445 1293 601 1374 appareat
617 1291 735 1375 potius,
759 1312 854 1374 quam
878 1291 948 1376 ipsa
964 1290 1142 1354 sententiae
1159 1313 1229 1356 ma-

111 1394 220 1458 teries.
265 1393 416 1459 Absoluti
439 1417 515 1459 vero
539 1394 731 1460 subiunctivi
755 1396 793 1458 iis
816 1397 939 1482 optimc
959 1395 1128 1461 sententiis
1151 1417 1228 1461 eon-

112 1500 248 1575 venient,
272 1522 354 1583 quae
370 1502 440 1586 ipsa
457 1503 600 1575 materie,
624 1524 719 1585 quam
736 1501 885 1576 offerunt,
908 1524 967 1586 per
982 1523 1016 1565 se
1031 1522 1109 1565 vera
1124 1506 1229 1586 atque

111 1605 143 1668 iu
168 1605 265 1669 rebus
281 1607 442 1671 extraneis
466 1608 571 1692 posita
594 1611 777 1673 narrantem
800 1606 841 1671 ab
865 1607 936 1693 ipsa
957 1608 1134 1694 praeterita
1150 1606 1229 1672 sula

111 1710 186 1775 lecti
216 1711 377 1796 loquentis
407 1713 604 1797 cogitatione
633 1710 675 1776 ad
704 1712 830 1777 obiecta
852 1714 962 1799 potius
990 1712 1091 1797 ipsius
1114 1713 1228 1778 animo

111 1816 206 1881 simul
229 1818 434 1883 obuersantia
456 1817 640 1895 advertunt,
663 1818 842 1903 exquibus
861 1819 908 1884 ita
929 1818 1126 1892 sententias,
1141 1840 1228 1902 quas

110 1928 233 1999 narrat,
258 1924 326 2010 ipse
348 1924 442 1988 simul
459 1925 626 2011 concipere
641 1945 761 2008 easque
782 1945 860 1989 suae
881 1923 1123 2012 legentiumque
1138 1924 1228 2010 cogi-

111 2030 227 2093 tationi
257 2052 293 2094 ae
324 2031 442 2095 iudicio
472 2032 606 2117 propius
631 2031 803 2097 admovere
826 2029 965 2094 videtur.
1010 2029 1080 2103 lta,
1111 2051 1227 2112 quam-

110 2156 207 2218 quam
223 2135 285 2199 alia
301 2137 362 2210 via,
386 2136 427 2200 ad
443 2137 578 2201 eundem
596 2135 671 2212 lere,
695 2159 761 2220 quo
784 2135 979 2210 Plarrius,
1001 2133 1096 2199 finem
1112 2140 1228 2201 tamen

110 2243 325 2327 pervenimus,
349 2241 652 2318 utrconcludamus,
676 2242 887 2306 subiunctivis
908 2241 1051 2306 relativis
1073 2239 1229 2306 subiecti·-

110 2368 195 2423 vam,
219 2347 376 2413 absolutis
399 2348 502 2434 magis
516 2347 707 2413 obieetivam
726 2345 835 2433 (liceat
857 2346 949 2411 uobis
973 2346 1111 2411 retinere
1128 2368 1229 2415 voces

110 2451 169 2519 has
186 2476 206 2516 a
220 2451 376 2517 Plarrio
393 2453 582 2541 usurpatas)
604 2453 706 2519 inesse
722 2453 802 2528 vim3
825 2453 859 2517 id
875 2452 962 2536 quod
978 2451 1226 2537 intelligendum

110 2563 162 2623 est
183 2559 240 2634 ita,
262 2563 300 2625 ut
323 2559 371 2623 his
396 2561 498 2646 magis
513 2560 640 2627 obiecta
662 2558 894 2625 sententiarum
910 2557 960 2623 vel
983 2580 1047 2632 res,
1068 2579 1148 2640 quas
1171 2579 1228 2622 ex-

111 2664 272 2750 primunt,
302 2665 363 2728 illis
394 2667 496 2751 magis
524 2663 723 2742 subiectum,
755 2665 843 2748 quod
865 2687 919 2729 eas
942 2664 1101 2749 cogitavit
1122 2667 1228 2748 atque

110 2771 306 2846 enuntiavit,
328 2771 445 2856 'respici
468 2776 613 2856 putetur.
805 2839 809 2854 ι
1205 2836 1208 2841 .

199 2877 269 2941 lam
302 2876 489 2962 priusquam
520 2878 562 2942 ad
597 2875 740 2962 singulas
768 2897 806 2941 ae
834 2875 988 2963 speciales
1017 2875 1228 2958 quaestiones

110 2985 322 3052 transeamus.
348 2981 434 3046 haud
456 2983 592 3047 alionum
617 2982 755 3056 videtur,
778 2983 905 3067 integra
926 2980 1079 3045 nonnulla
1100 2982 1228 3047 concio·

110 3110 187 3152 num
210 3087 413 3171 obliquorum
438 3089 585 3175 exempla
607 3110 625 3153 e
646 3088 752 3153 Taciti
774 3088 905 3173 scriptis
928 3086 1060 3160 afferre,
1091 3108 1130 3150 ex
1155 3088 1227 3170 qui-

110 3193 171 3260 bus
194 3216 292 3277 quum
324 3192 434 3259 subito
463 3195 496 3259 in
527 3196 565 3258 iis
595 3195 818 3259 subiunctivus
839 3192 1017 3256 ,absolutus
1039 3191 1225 3270 relativum,

108 3300 160 3364 vel
183 3299 234 3363 hic
257 3299 347 3363 illum
371 3300 527 3385 excipiat,
551 3300 768 3385 intelligatur,
793 3298 880 3362 haud
902 3299 970 3363 sine
992 3298 1116 3381 aliqua,
1140 3320 1227 3381 quae

109 3407 143 3471 in
165 3406 237 3492 ipsa
259 3407 493 3471 sententiarum
518 3413 634 3470 natura
657 3405 700 3469 sit
722 3406 844 3490 posita,
866 3426 964 3468 causa
985 3403 1046 3468 hoc
1069 3425 1138 3468 esse
1160 3402 1226 3469 fiae

110 3516 180 3575 tum
203 3535 223 3574 a
245 3513 404 3596 scriptore
425 3512 503 3576 alias
525 3517 592 3576 tarn
609 3511 765 3596 diligenti,
790 3515 826 3575 ut
840 3510 895 3574 vix
910 3510 1081 3593 quicquam
1103 3509 1137 3574 in
1160 3509 1227 3576 die

111 3617 199 3680 tione
216 3617 295 3692 eius,
320 3617 395 3681 licet
418 3618 535 3684 mult-as
553 3617 704 3682 exhibeat
728 3616 955 3702 proprietates,
979 3617 1022 3684 sit
1037 3614 1225 3680 fortuitum.

108 3723 216 3787 lmmo
239 3728 388 3788 accurate
409 3727 609 3810 spectantem
634 3723 775 3788 arbitror
803 3722 867 3786 iam
889 3721 1128 3807 suspicaturum
1152 3741 1226 3786 esse

110 3829 321 3913 inexemplis
344 3829 393 3892 his
415 3830 610 3914 generalem,
639 3849 721 3913 quae
744 3833 840 3893 antea
862 3832 987 3893 statuta
1008 3829 1076 3901 est,
1106 3825 1225 3911 legem,

110 3934 157 3998 ita
186 3938 224 3998 ut
255 3957 391 4019 pronum
423 3935 487 3998 iam
511 3957 548 3999 ae
571 3939 802 4019 praeparatum
826 3935 968 3997 animum
992 3933 1034 3999 ad
1057 3931 1225 4018 speciales,

109 4061 193 4123 quae
216 4044 400 4124 sequentur,
424 4041 630 4125 quaestiones
654 4038 820 4104 attendat:
