2670 4508
77 4188 102 4223 h

698 133 716 191 6

154 335 292 421 obliquis
307 326 460 401 iudicant.
491 335 616 401 :Etiam
637 335 808 404 Hessius
832 337 854 402 l.
870 361 899 404 c.
916 338 1017 417 addit,
1033 349 1276 427 nonnunquam

153 440 243 508 haud
256 441 324 507 siue
339 440 477 526 eleganti
493 439 675 507 discrimine
690 443 787 509 modo
809 443 976 511 absolutos
1000 444 1097 510 modo
1114 446 1277 515 relativo»

154 545 373 612 subiunctivos
394 545 549 611 adhiberi.
1081 604 1086 612 .
1142 563 1145 569 '

241 651 416 717 Piorrius
438 650 726 739 (Deveoneionibus
742 655 880 740 obliquis
901 655 1276 724 historicorumltoma·

153 766 269 822 norum
290 759 538 834 commentatio,
560 758 755 845 Programm
776 761 833 825 des
856 761 989 848 Konigl.
1011 761 1138 830 Friedr.
1159 763 1273 830 ‚wila

155 861 276 949 Gymn.
299 862 388 928 Kiiln
415 869 510 929 1836.
538 887 569 950 p.
594 872 637 929 12
656 865 742 954 sqq.)
771 870 894 931 certam
919 868 1076 954 temporis
1099 869 1274 934 notionem

153 969 381 1035 dernoustreus
409 971 546 1035 'omnino
575 991 758 1057 repugnare
793 976 930 1038 naturae
958 973 1185 1050 coniunctivi,
1213 975 1275 1060 qui

153 1074 231 1140 nihil
253 1075 425 1162 significet,
457 1075 516 1140 nisi
539 1077 674 1142 notionis
696 1077 815 1153 ideam,
838 1079 1060 1144 coniunctivos
1082 1065 1275 1164 imperfecti

154 1173 187 1245 et
218 1180 524 1268 plusquamperdecti
553 1205 592 1247 eo
620 1185 750 1247 tanturn
779 1183 901 1248 differri
929 1185 976 1249 ait
1004 1207 1024 1248 a
1049 1184 1274 1251 coniunctisis

153 1287 332 1374 praesentis
354 1290 389 1351 et
411 1286 562 1373 perfecti,
579 1292 618 1352 ut
638 1287 703 1352 'illis
727 1290 811 1355 aetio
833 1290 946 1354 idealis
966 1289 1130 1354 referatur
1153 1290 1199 1355 ad
1219 1312 1274 1357 ve·

153 1400 240 1467 rom,
264 1393 297 1456 id
320 1393 407 1477 quod
429 1391 479 1459 his
502 1402 566 1459 non
587 1393 654 1458 fiat.
675 1403 679 1408 '
699 1394 775 1463 Hoc
796 1395 983 1460 sensuillos
1006 1395 1177 1468 relativos,
1209 1395 1274 1461 laos

154 1497 324 1564 absolutos
353 1498 574 1566 subisset-ivos
596 1500 675 1566 (licit
704 1501 930 1586 concluditque
958 1500 1021 1566 illis
1043 1500 1273 1586 subiectivom,

152 1601 204 1669 his
226 1603 416 1670 obiectivam
436 1606 542 1671 inesse
565 1606 640 1671 vim.
685 1607 740 1670 lta
760 1611 968 1691 sequeretur,
990 1607 1157 1695 optionem
1181 1607 1274 1675 inter

153 1709 234 1776 duas
264 1710 334 1776 illas
363 1698 641 1778 subiunctivorom
672 1713 795 1798 species
824 1713 928 1778 miuus
955 1734 1055 1800 penes
1077 1719 1273 1780 narrantem

152 1839 233 1894 esse,
257 1819 348 1883 cuius
373 1816 508 1884 arbitrio
530 1818 783 1902 relinqueretur,
812 1821 924 1882 utrum
956 1818 1133 1883 sententias
1157 1819 1273 1885 ›artiut

152 1923 302 2010 iungeret
323 1947 395 1989 cnm
413 1924 590 2011 praeterita
612 1924 737 1989 dicendi
753 1925 802 1989 vel
817 1923 984 2009 cogitandi
998 1923 1125 1988 actione
1140 1944 1274 2002 necue,

153 2030 210 2094 sed
234 2029 334 2095 stetui
356 2030 428 2116 ipsa
449 2029 698 2105 sententiarum,
721 2052 804 2114 quae
825 2030 1043 2116 explicantur,
1066 2031 1187 2094 natura
1211 2051 1274 2096 seu

154 2135 349 2210 subiectiva,
378 2139 418 2199 ut
440 2135 473 2199 iu
495 2134 631 2199 subiecti
654 2135 816 2220 loquentis
838 2138 967 2199 tantam
991 2134 1194 2220 cogitatione
1218 2158 1274 2201 va·

153 2239 255 2315 leont,
277 2260 334 2305 seo
356 2239 525 2315 obiectiva,
550 2245 588 2304 ut
611 2241 643 2303 in
665 2241 743 2326 ipsis
767 2240 862 2306 rebus
884 2241 1045 2306 extraneis
1067 2240 1196 2326 positae
1219 2241 1273 2307 vel

154 2345 328 2424 obiectus,
359 2348 398 2411 ut
427 2346 460 2411 in
483 2345 561 2432 ipsis
582 2345 680 2410 rebus
703 2347 864 2410 extraneis
885 2348 1012 2432 positae
1035 2345 1083 2411 vel
1107 2344 1274 2414 obieotive

155 2464 249 2517 verae
272 2452 345 2516 sint.
365 2449 497 2516 ..Simili
519 2450 594 2517 fere.
608 2451 734 2515 rat-ione
756 2451 961 2538 Reisigiue
973 2451 1008 2538 (l.
1031 2474 1059 2516 c.
1082 2456 1112 2534 ξ.
1129 2458 1273 2531 312,2-1-;

154 2561 183 2641 ᾗ.
209 2565 273 2622 313
295 2556 335 2626 cf.
358 2556 499 2622 Haasii
521 2557 595 2623 adn.
613 2555 702 2645 378),
728 2557 817 2641 quod
838 2558 967 2642 quidem
991 2557 1170 2622 sententias
1192 2558 1274 2623 tina-

155 2663 202 2728 les
217 2664 343 2739 attinet,
360 2663 445 2727 inter
455 2662 623 2728 absolutos
634 2668 668 2728 et
682 2662 836 2728 relativos
851 2663 1073 2728 subiunctiros
1082 2663 1272 2748 distinguit.

157 2768 284 2835 Graeca
304 2768 417 2855 lingua
438 2769 614 2833 sententiae
638 2769 825 2856 propositae
839 2769 1070 2834 documentum
1093 2767 1210 2832 afferre
1226 2769 1273 2834 vi·

156 2875 268 2949 detur,
299 2875 418 2961 quippe
442 2896 524 2959 quae
553 2874 733 2961 imperfecti
756 2878 790 2938 et
820 2873 1129 2961 plusquamperfecti
1152 2874 1273 2940 modos

155 2981 376 3046 subiunctivos
397 2980 502 3044 nullos
524 2979 654 3056 habeat,
677 2984 858 3045 ceterorum
874 3003 950 3045 vero
973 2985 1156 3065 temporum
1173 2978 1272 3058 duos,

155 3087 395 3152 coniunctivuas
416 3089 449 3150 et
464 3087 658 3172 optativum,
683 3108 820 3170 quorum
843 3085 926 3151 alter
948 3086 980 3151 iu
1002 3084 1169 3149 sententiis
1191 3085 1273 3152 fino-

156 3193 241 3257 libus
264 3214 304 3256 ex
326 3192 431 3258 Reisi
437 3193 491 3278 gii
513 3193 673 3257 sententia
694 3193 869 3278 respondet
887 3191 1090 3256 subiunctivo
1105 3188 1271 3267 absoluto,

157 3299 239 3363 alter
272 3297 417 3362 relativo.
474 3296 560 3386 (cfr.
595 3297 640 3363 Κ.
663 3297 718 3363 W.
753 3297 924 3384 Kriiger,
965 3295 1084 3382 grieeh.
1118 3293 1270 3366 Gramm.

161 3407 189 3488 ξ.
214 3410 270 3479 54,
295 3410 329 3477 8,
355 3404 450 3467 Anm.
476 3411 513 3470 2.,
534 3402 577 3491 3.)
623 3401 777 3469 Ceterum
801 3405 834 3468 in
856 3404 1003 3468 oratione
1025 3401 1157 3484 obliqua
1178 3403 1272 3487 apud

159 3509 303 3576 Graecos
332 3509 525 3574 indicativus
556 3513 608 3574 est
638 3509 754 3573 modus
783 3508 968 3583 absolutus,
999 3508 1167 3592 optativus
1189 3528 1270 3572 vero

157 3614 322 3688 relativus,
347 3637 483 3698 quorum
507 3615 540 3679 in
562 3615 616 3678 illo
632 3614 836 3690 obiectivam,
857 3615 889 3678 in
911 3613 974 3678 hoo
997 3613 1100 3699 magis
1119 3613 1272 3678 subiecti·

157 3743 230 3786 sans
254 3720 357 3784 inesse
378 3720 453 3793 virn,
477 3742 571 3784 nemo
594 3721 725 3784 infitiari
749 3723 869 3807 potest.

248 3823 314 3890 Sed
336 3825 411 3890 licet
440 3826 501 3911 ipsi
524 3825 718 3892 conclusioni
741 3828 785 3890 illi
816 3826 969 3892 Piarrii
991 3826 1058 3892 veri
1081 3824 1201 3907 aliquid
1225 3825 1272 3891 in-

159 3932 212 4006 sit,
239 3935 346 3996 tamcn
369 3931 488 4017 opinio,
512 3933 667 4018 temporis
690 3932 954 4018 significationem
978 3930 1182 3996 subiunctivo
1206 3929 1272 3995 Rc

156 4059 327 4103 norinorum
344 4037 474 4102 omuino
490 4036 610 4101 nullom
634 4037 745 4113 inesse,
768 4044 855 4102 certe
870 4037 951 4101 salsa
966 4043 1023 4104 est.
1056 4035 1169 4120 Neque
1184 4035 1271 4101 enim
