<?xml version="1.0" encoding="UTF-8"?>
<!DOCTYPE html PUBLIC "-//W3C//DTD XHTML 1.0 Transitional//EN"
    "http://www.w3.org/TR/xhtml1/DTD/xhtml1-transitional.dtd">
<html xmlns="http://www.w3.org/1999/xhtml" xml:lang="en" lang="en">
 <head>
  <title>
</title>
<meta http-equiv="Content-Type" content="text/html;charset=utf-8" />
  <meta name='ocr-system' content='tesseract 3.04.00' />
  <meta name='ocr-capabilities' content='ocr_page ocr_carea ocr_par ocr_line ocrx_word'/>
</head>
<body>
  <div class='ocr_page' id='page_1' title='image "./deususubiunctiv00huetgoog_0020.png"; bbox 0 0 2670 4508; ppageno 0'>
   <div class='ocr_carea' id='block_1_1' title="bbox 640 182 678 239">
    <p class='ocr_par' dir='ltr' id='par_1_1' title="bbox 640 182 678 239">
     <span class='ocr_line' id='line_1_1' title="bbox 640 182 678 239; baseline 0.053 -2"><span class='ocrx_word' id='word_1_1' title='bbox 640 182 678 239; x_wconf 92' lang='lat'><strong>11</strong></span> 
     </span>
    </p>
   </div>
   <div class='ocr_carea' id='block_1_2' title="bbox 107 383 1233 3949">
    <p class='ocr_par' dir='ltr' id='par_1_2' title="bbox 107 383 1233 2898">
     <span class='ocr_line' id='line_1_2' title="bbox 195 383 1218 470; baseline -0.003 -18"><span class='ocrx_word' id='word_1_2' title='bbox 195 389 281 452; x_wconf 79' lang='lat' dir='ltr'><strong>Anu.</strong></span> <span class='ocrx_word' id='word_1_3' title='bbox 312 386 347 461; x_wconf 89' lang='lat' dir='ltr'><strong>l,</strong></span> <span class='ocrx_word' id='word_1_4' title='bbox 385 393 444 452; x_wconf 75' lang='lat'><strong>172</strong></span> <span class='ocrx_word' id='word_1_5' title='bbox 482 385 673 469; x_wconf 79' lang='lat' dir='ltr'><strong>(Postremo</strong></span> <span class='ocrx_word' id='word_1_6' title='bbox 703 383 955 470; x_wconf 80' lang='lat' dir='ltr'><strong>interrogabat);</strong></span> <span class='ocrx_word' id='word_1_7' title='bbox 994 405 1067 461; x_wconf 70' lang='lat' dir='ltr'><strong>,cur</strong></span> <span class='ocrx_word' id='word_1_8' title='bbox 1106 384 1218 470; x_wconf 86' lang='lat' dir='ltr'><strong>paucis</strong></span> 
     </span>
     <span class='ocr_line' id='line_1_3' title="bbox 107 488 1217 570; baseline -0.004 -12"><span class='ocrx_word' id='word_1_9' title='bbox 107 490 349 558; x_wconf 76' lang='lat' dir='ltr'><strong>centurionibus</strong></span> <span class='ocrx_word' id='word_1_10' title='bbox 370 523 416 541; x_wconf 57' lang='lat'><strong>-⁶</strong></span> <span class='ocrx_word' id='word_1_11' title='bbox 437 493 470 557; x_wconf 90' lang='lat' dir='ltr'><strong>in</strong></span> <span class='ocrx_word' id='word_1_12' title='bbox 494 492 625 557; x_wconf 90' lang='lat' dir='ltr'><strong>modum</strong></span> <span class='ocrx_word' id='word_1_13' title='bbox 649 512 816 556; x_wconf 86' lang='lat' dir='ltr'><strong>servorum</strong></span> <span class='ocrx_word' id='word_1_14' title='bbox 847 489 1037 557; x_wconf 78' lang='lat' dir='ltr'>obedirent?</span> <span class='ocrx_word' id='word_1_15' title='bbox 1076 488 1217 570; x_wconf 79' lang='lat' dir='ltr'><strong>Quando</strong></span> 
     </span>
     <span class='ocr_line' id='line_1_4' title="bbox 107 595 1218 684; baseline -0.002 -21"><span class='ocrx_word' id='word_1_16' title='bbox 107 620 243 663; x_wconf 85' lang='lat' dir='ltr'><strong>ausuros</strong></span> <span class='ocrx_word' id='word_1_17' title='bbox 272 618 446 684; x_wconf 83' lang='lat' dir='ltr'><strong>exposcere</strong></span> <span class='ocrx_word' id='word_1_18' title='bbox 476 596 634 672; x_wconf 88' lang='lat' dir='ltr'><strong>remedia,</strong></span> <span class='ocrx_word' id='word_1_19' title='bbox 664 596 725 661; x_wconf 84' lang='lat' dir='ltr'><strong>nisi</strong></span> <span class='ocrx_word' id='word_1_20' title='bbox 755 619 874 662; x_wconf 87' lang='lat' dir='ltr'><strong>novum</strong></span> <span class='ocrx_word' id='word_1_21' title='bbox 904 601 937 661; x_wconf 88' lang='lat' dir='ltr'><strong>et</strong></span> <span class='ocrx_word' id='word_1_22' title='bbox 964 599 1133 661; x_wconf 88' lang='lat' dir='ltr'><strong>nutantem</strong></span> <span class='ocrx_word' id='word_1_23' title='bbox 1164 595 1218 661; x_wconf 81' lang='lat' dir='ltr'><strong>ad·</strong></span> 
     </span>
     <span class='ocr_line' id='line_1_5' title="bbox 107 699 1218 790; baseline -0.003 -20"><span class='ocrx_word' id='word_1_24' title='bbox 107 704 172 770; x_wconf 89' lang='lat' dir='ltr'><strong>buc</strong></span> <span class='ocrx_word' id='word_1_25' title='bbox 192 703 369 790; x_wconf 78' lang='lat' dir='ltr'><strong>principem</strong></span> <span class='ocrx_word' id='word_1_26' title='bbox 400 702 549 789; x_wconf 87' lang='lat' dir='ltr'><strong>precibus</strong></span> <span class='ocrx_word' id='word_1_27' title='bbox 579 702 629 767; x_wconf 85' lang='lat' dir='ltr'><strong>vel</strong></span> <span class='ocrx_word' id='word_1_28' title='bbox 650 701 750 767; x_wconf 81' lang='lat' dir='ltr'><strong>armis</strong></span> <span class='ocrx_word' id='word_1_29' title='bbox 779 701 925 767; x_wconf 81' lang='lat' dir='ltr'><strong>adirent?</strong></span> <span class='ocrx_word' id='word_1_30' title='bbox 963 699 1050 766; x_wconf 80' lang='lat' dir='ltr'><strong>Satis</strong></span> <span class='ocrx_word' id='word_1_31' title='bbox 1080 724 1138 788; x_wconf 90' lang='lat' dir='ltr'><strong>per</strong></span> <span class='ocrx_word' id='word_1_32' title='bbox 1165 704 1218 767; x_wconf 83' lang='lat' dir='ltr'><strong>aa</strong></span> 
     </span>
     <span class='ocr_line' id='line_1_6' title="bbox 107 806 1219 894; baseline -0.004 -20"><span class='ocrx_word' id='word_1_33' title='bbox 107 832 209 874; x_wconf 88' lang='lat' dir='ltr'><strong>anuos</strong></span> <span class='ocrx_word' id='word_1_34' title='bbox 230 809 358 894; x_wconf 75' lang='lat' dir='ltr'><strong>ignaria</strong></span> <span class='ocrx_word' id='word_1_35' title='bbox 380 810 567 894; x_wconf 85' lang='lat' dir='ltr'><strong>peccalum,</strong></span> <span class='ocrx_word' id='word_1_36' title='bbox 599 807 686 891; x_wconf 89' lang='lat' dir='ltr'><strong>quud</strong></span> <span class='ocrx_word' id='word_1_37' title='bbox 709 808 832 872; x_wconf 88' lang='lat' dir='ltr'><strong>tricena</strong></span> <span class='ocrx_word' id='word_1_38' title='bbox 853 811 911 872; x_wconf 90' lang='lat' dir='ltr'><strong>aut</strong></span> <span class='ocrx_word' id='word_1_39' title='bbox 936 808 1148 892; x_wconf 37' lang='lat' dir='ltr'><strong>quadragena,</strong></span> <span class='ocrx_word' id='word_1_40' title='bbox 1164 806 1219 871; x_wconf 87' lang='lat' dir='ltr'><strong>sti-</strong></span> 
     </span>
     <span class='ocr_line' id='line_1_7' title="bbox 108 911 1218 1000; baseline -0.001 -22"><span class='ocrx_word' id='word_1_41' title='bbox 108 914 243 1000; x_wconf 84' lang='lat' dir='ltr'><strong>puurlia..</strong></span> <span class='ocrx_word' id='word_1_42' title='bbox 256 935 347 978; x_wconf 89' lang='lat' dir='ltr'><strong>senes</strong></span> <span class='ocrx_word' id='word_1_43' title='bbox 377 918 411 978; x_wconf 86' lang='lat' dir='ltr'><strong>et</strong></span> <span class='ocrx_word' id='word_1_44' title='bbox 440 914 586 999; x_wconf 83' lang='lat' dir='ltr'><strong>plerique</strong></span> <span class='ocrx_word' id='word_1_45' title='bbox 616 917 767 979; x_wconf 79' lang='lat' dir='ltr'><strong>truncato</strong></span> <span class='ocrx_word' id='word_1_46' title='bbox 795 935 846 977; x_wconf 85' lang='lat' dir='ltr'><strong>ex·</strong></span> <span class='ocrx_word' id='word_1_47' title='bbox 866 911 1051 978; x_wconf 79' lang='lat' dir='ltr'><strong>vulneribus</strong></span> <span class='ocrx_word' id='word_1_48' title='bbox 1082 933 1218 998; x_wconf 86' lang='lat' dir='ltr'><strong>corpore</strong></span> 
     </span>
     <span class='ocr_line' id='line_1_8' title="bbox 108 1005 1218 1103; baseline -0.003 -19"><span class='ocrx_word' id='word_1_49' title='bbox 108 1020 259 1091; x_wconf 81' lang='lat' dir='ltr'><strong>tolerent.</strong></span> <span class='ocrx_word' id='word_1_50' title='bbox 276 1058 321 1069; x_wconf 86' lang='lat'>—</span> <span class='ocrx_word' id='word_1_51' title='bbox 335 1048 380 1067; x_wconf 71' lang='lat'>—</span> <span class='ocrx_word' id='word_1_52' title='bbox 402 1018 452 1082; x_wconf 90' lang='lat' dir='ltr'><strong>Ac</strong></span> <span class='ocrx_word' id='word_1_53' title='bbox 475 1019 500 1082; x_wconf 91' lang='lat' dir='ltr'><strong>si</strong></span> <span class='ocrx_word' id='word_1_54' title='bbox 525 1019 669 1103; x_wconf 85' lang='lat' dir='ltr'><strong>quistet</strong></span> <span class='ocrx_word' id='word_1_55' title='bbox 683 1005 873 1085; x_wconf 64' lang='lat' dir='ltr'><strong>¹circumita</strong></span> <span class='ocrx_word' id='word_1_56' title='bbox 895 1018 1110 1103; x_wconf 84' lang='lat' dir='ltr'><strong>superaverit,</strong></span> <span class='ocrx_word' id='word_1_57' title='bbox 1132 1014 1218 1083; x_wconf 84' lang='lat' dir='ltr'><strong>trabi</strong></span> 
     </span>
     <span class='ocr_line' id='line_1_9' title="bbox 109 1121 1218 1211; baseline -0.002 -22"><span class='ocrx_word' id='word_1_58' title='bbox 109 1125 216 1189; x_wconf 90' lang='lat' dir='ltr'><strong>adhuc</strong></span> <span class='ocrx_word' id='word_1_59' title='bbox 238 1124 381 1188; x_wconf 86' lang='lat' dir='ltr'><strong>diversas</strong></span> <span class='ocrx_word' id='word_1_60' title='bbox 403 1124 437 1188; x_wconf 91' lang='lat' dir='ltr'><strong>in</strong></span> <span class='ocrx_word' id='word_1_61' title='bbox 460 1129 583 1201; x_wconf 87' lang='lat' dir='ltr'><strong>terras,</strong></span> <span class='ocrx_word' id='word_1_62' title='bbox 606 1123 661 1189; x_wconf 91' lang='lat' dir='ltr'><strong>ubi</strong></span> <span class='ocrx_word' id='word_1_63' title='bbox 683 1147 742 1211; x_wconf 89' lang='lat' dir='ltr'><strong>per</strong></span> <span class='ocrx_word' id='word_1_64' title='bbox 764 1146 882 1189; x_wconf 87' lang='lat' dir='ltr'><strong>nomen</strong></span> <span class='ocrx_word' id='word_1_65' title='bbox 905 1145 1057 1209; x_wconf 81' lang='lat' dir='ltr'><strong>agrorum</strong></span> <span class='ocrx_word' id='word_1_66' title='bbox 1083 1121 1218 1206; x_wconf 73' lang='lat' dir='ltr'><strong>uligines</strong></span> 
     </span>
     <span class='ocr_line' id='line_1_10' title="bbox 111 1226 1219 1317; baseline -0.002 -24"><span class='ocrx_word' id='word_1_67' title='bbox 111 1230 266 1317; x_wconf 88' lang='lat' dir='ltr'><strong>paludum</strong></span> <span class='ocrx_word' id='word_1_68' title='bbox 300 1235 335 1294; x_wconf 91' lang='lat' dir='ltr'><strong>et</strong></span> <span class='ocrx_word' id='word_1_69' title='bbox 364 1229 486 1294; x_wconf 85' lang='lat' dir='ltr'><strong>inculta</strong></span> <span class='ocrx_word' id='word_1_70' title='bbox 516 1230 673 1294; x_wconf 90' lang='lat' dir='ltr'><strong>montium</strong></span> <span class='ocrx_word' id='word_1_71' title='bbox 706 1229 875 1315; x_wconf 85' lang='lat' dir='ltr'><strong>accipiant.</strong></span> <span class='ocrx_word' id='word_1_72' title='bbox 896 1266 941 1276; x_wconf 92' lang='lat'><em>-</em></span> <span class='ocrx_word' id='word_1_73' title='bbox 962 1267 1006 1278; x_wconf 49' lang='grc' dir='ltr'><strong>κ-</strong></span> <span class='ocrx_word' id='word_1_74' title='bbox 1036 1227 1103 1293; x_wconf 90' lang='lat' dir='ltr'><strong>Nec</strong></span> <span class='ocrx_word' id='word_1_75' title='bbox 1132 1226 1219 1292; x_wconf 88' lang='lat' dir='ltr'><strong>aliud</strong></span> 
     </span>
     <span class='ocr_line' id='line_1_11' title="bbox 108 1334 1219 1421; baseline -0.003 -20"><span class='ocrx_word' id='word_1_76' title='bbox 108 1336 336 1409; x_wconf 80' lang='lat' dir='ltr'><strong>levamentum,</strong></span> <span class='ocrx_word' id='word_1_77' title='bbox 361 1357 458 1418; x_wconf 87' lang='lat' dir='ltr'><strong>quam</strong></span> <span class='ocrx_word' id='word_1_78' title='bbox 483 1335 508 1398; x_wconf 89' lang='lat' dir='ltr'><strong>si</strong></span> <span class='ocrx_word' id='word_1_79' title='bbox 532 1335 629 1400; x_wconf 89' lang='lat' dir='ltr'><strong>certis</strong></span> <span class='ocrx_word' id='word_1_80' title='bbox 652 1335 711 1399; x_wconf 89' lang='lat' dir='ltr'><strong>sub</strong></span> <span class='ocrx_word' id='word_1_81' title='bbox 727 1335 852 1421; x_wconf 87' lang='lat' dir='ltr'><strong>legibus</strong></span> <span class='ocrx_word' id='word_1_82' title='bbox 876 1335 990 1398; x_wconf 85' lang='lat' dir='ltr'><strong>militia</strong></span> <span class='ocrx_word' id='word_1_83' title='bbox 1011 1334 1157 1410; x_wconf 86' lang='lat' dir='ltr'><strong>iniretur,</strong></span> <span class='ocrx_word' id='word_1_84' title='bbox 1181 1337 1219 1398; x_wconf 85' lang='lat' dir='ltr'><strong>ut</strong></span> 
     </span>
     <span class='ocr_line' id='line_1_12' title="bbox 112 1440 1218 1527; baseline -0.004 -21"><span class='ocrx_word' id='word_1_85' title='bbox 112 1442 257 1527; x_wconf 85' lang='lat' dir='ltr'><strong>singulos</strong></span> <span class='ocrx_word' id='word_1_86' title='bbox 274 1441 422 1506; x_wconf 89' lang='lat' dir='ltr'><strong>denarios</strong></span> <span class='ocrx_word' id='word_1_87' title='bbox 447 1446 615 1517; x_wconf 89' lang='lat' dir='ltr'><strong>mererent,</strong></span> <span class='ocrx_word' id='word_1_88' title='bbox 640 1446 751 1505; x_wconf 86' lang='lat' dir='ltr'><strong>sextus</strong></span> <span class='ocrx_word' id='word_1_89' title='bbox 774 1441 927 1505; x_wconf 87' lang='lat' dir='ltr'><strong>decumus</strong></span> <span class='ocrx_word' id='word_1_90' title='bbox 943 1440 1093 1526; x_wconf 87' lang='lat' dir='ltr'><strong>stipendii</strong></span> <span class='ocrx_word' id='word_1_91' title='bbox 1116 1461 1218 1503; x_wconf 89' lang='lat' dir='ltr'><strong>annus</strong></span> 
     </span>
     <span class='ocr_line' id='line_1_13' title="bbox 107 1544 1217 1622; baseline -0.003 -11"><span class='ocrx_word' id='word_1_92' title='bbox 107 1547 204 1612; x_wconf 87' lang='lat' dir='ltr'><strong>finem</strong></span> <span class='ocrx_word' id='word_1_93' title='bbox 227 1544 387 1622; x_wconf 81' lang='lat' dir='ltr'><strong>adferret;</strong></span> <span class='ocrx_word' id='word_1_94' title='bbox 410 1569 450 1610; x_wconf 91' lang='lat' dir='ltr'><strong>ue</strong></span> <span class='ocrx_word' id='word_1_95' title='bbox 473 1545 559 1611; x_wconf 91' lang='lat' dir='ltr'><strong>ultra</strong></span> <span class='ocrx_word' id='word_1_96' title='bbox 582 1547 642 1611; x_wconf 87' lang='lat' dir='ltr'><strong>sub</strong></span> <span class='ocrx_word' id='word_1_97' title='bbox 668 1545 790 1611; x_wconf 82' lang='lat' dir='ltr'><strong>vexillis</strong></span> <span class='ocrx_word' id='word_1_98' title='bbox 813 1549 1013 1622; x_wconf 85' lang='lat' dir='ltr'><strong>tenerent-ur,</strong></span> <span class='ocrx_word' id='word_1_99' title='bbox 1037 1545 1093 1610; x_wconf 87' lang='lat' dir='ltr'><strong>sed</strong></span> <span class='ocrx_word' id='word_1_100' title='bbox 1115 1545 1217 1608; x_wconf 80' lang='lat' dir='ltr'><strong>isdem</strong></span> 
     </span>
     <span class='ocr_line' id='line_1_14' title="bbox 107 1642 1233 1739; baseline -0.003 -23"><span class='ocrx_word' id='word_1_101' title='bbox 107 1653 140 1716; x_wconf 90' lang='lat' dir='ltr'><strong>in</strong></span> <span class='ocrx_word' id='word_1_102' title='bbox 172 1652 288 1717; x_wconf 87' lang='lat' dir='ltr'><strong>castris</strong></span> <span class='ocrx_word' id='word_1_103' title='bbox 321 1652 500 1738; x_wconf 86' lang='lat' dir='ltr'><strong>praemium</strong></span> <span class='ocrx_word' id='word_1_104' title='bbox 533 1653 668 1739; x_wconf 85' lang='lat' dir='ltr'><strong>pecunia</strong></span> <span class='ocrx_word' id='word_1_105' title='bbox 702 1652 894 1716; x_wconf 87' lang='lat' dir='ltr'><strong>solveretur.</strong></span> <span class='ocrx_word' id='word_1_106' title='bbox 948 1642 1009 1715; x_wconf 85' lang='lat' dir='ltr'><strong>Aa</strong></span> <span class='ocrx_word' id='word_1_107' title='bbox 1036 1650 1233 1738; x_wconf 87' lang='lat' dir='ltr'><strong>praetorias·</strong></span> 
     </span>
     <span class='ocr_line' id='line_1_15' title="bbox 108 1755 1218 1844; baseline -0.004 -21"><span class='ocrx_word' id='word_1_108' title='bbox 108 1757 270 1834; x_wconf 87' lang='lat' dir='ltr'><strong>cobortes,</strong></span> <span class='ocrx_word' id='word_1_109' title='bbox 292 1779 375 1842; x_wconf 88' lang='lat' dir='ltr'><strong>quae</strong></span> <span class='ocrx_word' id='word_1_110' title='bbox 396 1756 490 1823; x_wconf 87' lang='lat' dir='ltr'><strong>binos</strong></span> <span class='ocrx_word' id='word_1_111' title='bbox 511 1758 660 1822; x_wconf 82' lang='lat' dir='ltr'><strong>denarios</strong></span> <span class='ocrx_word' id='word_1_112' title='bbox 676 1759 867 1844; x_wconf 86' lang='lat' dir='ltr'><strong>acceperint,</strong></span> <span class='ocrx_word' id='word_1_113' title='bbox 891 1779 974 1842; x_wconf 90' lang='lat' dir='ltr'><strong>quae</strong></span> <span class='ocrx_word' id='word_1_114' title='bbox 990 1761 1065 1843; x_wconf 88' lang='lat' dir='ltr'><strong>post</strong></span> <span class='ocrx_word' id='word_1_115' title='bbox 1080 1755 1218 1820; x_wconf 85' lang='lat' dir='ltr'><strong>sedecim</strong></span> 
     </span>
     <span class='ocr_line' id='line_1_16' title="bbox 108 1861 1218 1951; baseline -0.004 -22"><span class='ocrx_word' id='word_1_116' title='bbox 108 1886 210 1930; x_wconf 84' lang='lat' dir='ltr'><strong>annos</strong></span> <span class='ocrx_word' id='word_1_117' title='bbox 225 1863 396 1951; x_wconf 84' lang='lat' dir='ltr'><strong>penatibus</strong></span> <span class='ocrx_word' id='word_1_118' title='bbox 411 1866 477 1928; x_wconf 87' lang='lat' dir='ltr'><strong>suis</strong></span> <span class='ocrx_word' id='word_1_119' title='bbox 492 1863 681 1938; x_wconf 85' lang='lat' dir='ltr'><strong>reddantur,</strong></span> <span class='ocrx_word' id='word_1_120' title='bbox 697 1863 770 1948; x_wconf 86' lang='lat' dir='ltr'><strong>plus</strong></span> <span class='ocrx_word' id='word_1_121' title='bbox 786 1863 1001 1950; x_wconf 81' lang='lat' dir='ltr'><strong>periculorum</strong></span> <span class='ocrx_word' id='word_1_122' title='bbox 1017 1861 1218 1948; x_wconf 78' lang='lat' dir='ltr'><strong>susciperel‘</strong></span> 
     </span>
     <span class='ocr_line' id='line_1_17' title="bbox 109 1966 1218 2055; baseline -0.005 -19"><span class='ocrx_word' id='word_1_123' title='bbox 109 1971 171 2047; x_wconf 88' lang='lat'>111,</span> <span class='ocrx_word' id='word_1_124' title='bbox 196 1976 232 2035; x_wconf 63' lang='grc' dir='ltr'><strong>ὃς</strong></span> <span class='ocrx_word' id='word_1_125' title='bbox 252 1969 374 2053; x_wconf 81' lang='lat' dir='ltr'><strong>(Fuere</strong></span> <span class='ocrx_word' id='word_1_126' title='bbox 396 1971 451 2054; x_wconf 92' lang='lat' dir='ltr'><strong>qui</strong></span> <span class='ocrx_word' id='word_1_127' title='bbox 474 1969 740 2055; x_wconf 19' lang='lat' dir='ltr'><strong>publicirfuneris</strong></span> <span class='ocrx_word' id='word_1_128' title='bbox 761 1991 915 2055; x_wconf 79' lang='lat' dir='ltr'><strong>pompam</strong></span> <span class='ocrx_word' id='word_1_129' title='bbox 943 1969 1144 2052; x_wconf 82' lang='lat' dir='ltr'><strong>requirerent</strong></span> <span class='ocrx_word' id='word_1_130' title='bbox 1170 1966 1218 2050; x_wconf 89' lang='lat' dir='ltr'><strong>(in</strong></span> 
     </span>
     <span class='ocr_line' id='line_1_18' title="bbox 109 2073 1217 2162; baseline -0.004 -21"><span class='ocrx_word' id='word_1_131' title='bbox 109 2074 298 2141; x_wconf 78' lang='lat' dir='ltr'><strong>Germanici</strong></span> <span class='ocrx_word' id='word_1_132' title='bbox 314 2073 451 2161; x_wconf 79' lang='lat' dir='ltr'><strong>funere),</strong></span> <span class='ocrx_word' id='word_1_133' title='bbox 467 2079 767 2162; x_wconf 82' lang='lat' dir='ltr'><strong>compararentque,</strong></span> <span class='ocrx_word' id='word_1_134' title='bbox 784 2096 866 2159; x_wconf 81' lang='lat' dir='ltr'><strong>quae</strong></span> <span class='ocrx_word' id='word_1_135' title='bbox 882 2076 914 2139; x_wconf 90' lang='lat' dir='ltr'><strong>in</strong></span> <span class='ocrx_word' id='word_1_136' title='bbox 927 2075 1074 2140; x_wconf 83' lang='lat' dir='ltr'><strong>Drusum</strong></span> <span class='ocrx_word' id='word_1_137' title='bbox 1092 2075 1217 2157; x_wconf 85' lang='lat' dir='ltr'><strong>patrem</strong></span> 
     </span>
     <span class='ocr_line' id='line_1_19' title="bbox 110 2179 1220 2267; baseline -0.005 -20"><span class='ocrx_word' id='word_1_138' title='bbox 110 2179 294 2247; x_wconf 85' lang='lat' dir='ltr'><strong>Germanici</strong></span> <span class='ocrx_word' id='word_1_139' title='bbox 311 2181 435 2245; x_wconf 86' lang='lat' dir='ltr'><strong>honora</strong></span> <span class='ocrx_word' id='word_1_140' title='bbox 450 2184 485 2245; x_wconf 92' lang='lat' dir='ltr'><strong>et</strong></span> <span class='ocrx_word' id='word_1_141' title='bbox 500 2181 670 2267; x_wconf 85' lang='lat' dir='ltr'><strong>magnifica</strong></span> <span class='ocrx_word' id='word_1_142' title='bbox 682 2183 851 2267; x_wconf 86' lang='lat' dir='ltr'><strong>Augustus</strong></span> <span class='ocrx_word' id='word_1_143' title='bbox 866 2180 1021 2259; x_wconf 71' lang='lat' dir='ltr'><strong>secissetlr</strong></span> <span class='ocrx_word' id='word_1_144' title='bbox 1036 2214 1082 2227; x_wconf 86' lang='lat'><strong>—-</strong></span> <span class='ocrx_word' id='word_1_145' title='bbox 1091 2180 1220 2254; x_wconf 80' lang='lat' dir='ltr'><strong>‚cuncta</strong></span> 
     </span>
     <span class='ocr_line' id='line_1_20' title="bbox 109 2284 1218 2373; baseline -0.005 -22"><span class='ocrx_word' id='word_1_146' title='bbox 109 2309 129 2351; x_wconf 78' lang='lat' dir='ltr'><strong>a</strong></span> <span class='ocrx_word' id='word_1_147' title='bbox 152 2286 329 2353; x_wconf 87' lang='lat' dir='ltr'><strong>maioribus</strong></span> <span class='ocrx_word' id='word_1_148' title='bbox 351 2291 484 2373; x_wconf 85' lang='lat' dir='ltr'><strong>reperta</strong></span> <span class='ocrx_word' id='word_1_149' title='bbox 503 2291 573 2361; x_wconf 78' lang='lat' dir='ltr'><strong>aut,</strong></span> <span class='ocrx_word' id='word_1_150' title='bbox 597 2309 680 2371; x_wconf 88' lang='lat' dir='ltr'><strong>quae</strong></span> <span class='ocrx_word' id='word_1_151' title='bbox 703 2287 825 2372; x_wconf 81' lang='lat' dir='ltr'><strong>posteri</strong></span> <span class='ocrx_word' id='word_1_152' title='bbox 841 2287 1021 2351; x_wconf 88' lang='lat' dir='ltr'><strong>invenerint</strong></span> <span class='ocrx_word' id='word_1_153' title='bbox 1042 2284 1218 2373; x_wconf 61' lang='lat' dir='ltr'><strong>cumulata</strong></span> 
     </span>
     <span class='ocr_line' id='line_1_21' title="bbox 108 2387 1219 2479; baseline -0.005 -22"><span class='ocrx_word' id='word_1_154' title='bbox 108 2423 154 2441; x_wconf 54' lang='lat' dir='ltr'><strong>-r-</strong></span> <span class='ocrx_word' id='word_1_155' title='bbox 174 2424 220 2443; x_wconf 45' lang='grc' dir='ltr'><strong>-ή</strong></span> <span class='ocrx_word' id='word_1_156' title='bbox 241 2392 300 2457; x_wconf 85' lang='lat' dir='ltr'><strong>sed</strong></span> <span class='ocrx_word' id='word_1_157' title='bbox 322 2398 417 2457; x_wconf 85' lang='lat' dir='ltr'><strong>tauto</strong></span> <span class='ocrx_word' id='word_1_158' title='bbox 439 2392 534 2479; x_wconf 86' lang='lat' dir='ltr'><strong>plura</strong></span> <span class='ocrx_word' id='word_1_159' title='bbox 557 2393 674 2459; x_wconf 87' lang='lat' dir='ltr'><strong>decora</strong></span> <span class='ocrx_word' id='word_1_160' title='bbox 697 2415 773 2456; x_wconf 83' lang='lat' dir='ltr'><strong>mox</strong></span> <span class='ocrx_word' id='word_1_161' title='bbox 788 2391 895 2458; x_wconf 83' lang='lat' dir='ltr'><strong>tribui</strong></span> <span class='ocrx_word' id='word_1_162' title='bbox 918 2414 979 2476; x_wconf 86' lang='lat' dir='ltr'><strong>par</strong></span> <span class='ocrx_word' id='word_1_163' title='bbox 1001 2389 1100 2455; x_wconf 82' lang='lat' dir='ltr'><strong>fuisse</strong></span> <span class='ocrx_word' id='word_1_164' title='bbox 1122 2387 1219 2475; x_wconf 88' lang='lat' dir='ltr'><strong>(Ger-</strong></span> 
     </span>
     <span class='ocr_line' id='line_1_22' title="bbox 109 2495 1217 2585; baseline -0.005 -23"><span class='ocrx_word' id='word_1_165' title='bbox 109 2499 236 2564; x_wconf 82' lang='lat' dir='ltr'><strong>manico</strong></span> <span class='ocrx_word' id='word_1_166' title='bbox 258 2497 436 2585; x_wconf 79' lang='lat' dir='ltr'><strong>defuncto),</strong></span> <span class='ocrx_word' id='word_1_167' title='bbox 460 2504 582 2582; x_wconf 88' lang='lat' dir='ltr'><strong>quanto</strong></span> <span class='ocrx_word' id='word_1_168' title='bbox 607 2497 803 2584; x_wconf 78' lang='lat' dir='ltr'><strong>primulum</strong></span> <span class='ocrx_word' id='word_1_169' title='bbox 826 2496 1028 2582; x_wconf 70' lang='lat' dir='ltr'><strong>negavisseaf</strong></span> <span class='ocrx_word' id='word_1_170' title='bbox 1072 2495 1133 2571; x_wconf 85' lang='lat' dir='ltr'><strong>lv,</strong></span> <span class='ocrx_word' id='word_1_171' title='bbox 1158 2501 1217 2561; x_wconf 76' lang='grc' dir='ltr'><strong>7οὲ</strong></span> 
     </span>
     <span class='ocr_line' id='line_1_23' title="bbox 110 2601 1218 2688; baseline -0.003 -21"><span class='ocrx_word' id='word_1_172' title='bbox 110 2601 229 2682; x_wconf 81' lang='lat' dir='ltr'><strong>,Quem</strong></span> <span class='ocrx_word' id='word_1_173' title='bbox 253 2604 338 2669; x_wconf 89' lang='lat' dir='ltr'><strong>enim</strong></span> <span class='ocrx_word' id='word_1_174' title='bbox 361 2603 447 2668; x_wconf 90' lang='lat' dir='ltr'><strong>diem</strong></span> <span class='ocrx_word' id='word_1_175' title='bbox 471 2625 607 2668; x_wconf 87' lang='lat' dir='ltr'><strong>vacuum</strong></span> <span class='ocrx_word' id='word_1_176' title='bbox 632 2624 751 2688; x_wconf 88' lang='lat' dir='ltr'><strong>poena,</strong></span> <span class='ocrx_word' id='word_1_177' title='bbox 779 2602 836 2667; x_wconf 91' lang='lat' dir='ltr'><strong>ubi</strong></span> <span class='ocrx_word' id='word_1_178' title='bbox 857 2601 941 2667; x_wconf 89' lang='lat' dir='ltr'><strong>inter</strong></span> <span class='ocrx_word' id='word_1_179' title='bbox 965 2623 1056 2665; x_wconf 86' lang='lat' dir='ltr'><strong>sacra</strong></span> <span class='ocrx_word' id='word_1_180' title='bbox 1079 2605 1112 2664; x_wconf 84' lang='lat' dir='ltr'><strong>et</strong></span> <span class='ocrx_word' id='word_1_181' title='bbox 1132 2604 1218 2680; x_wconf 79' lang='lat' dir='ltr'><strong>voa,</strong></span> 
     </span>
     <span class='ocr_line' id='line_1_24' title="bbox 109 2706 1219 2795; baseline 0.005 -22"><span class='ocrx_word' id='word_1_182' title='bbox 109 2715 174 2792; x_wconf 89' lang='lat' dir='ltr'><strong>quo</strong></span> <span class='ocrx_word' id='word_1_183' title='bbox 205 2713 352 2795; x_wconf 79' lang='lat' dir='ltr'><strong>tempore</strong></span> <span class='ocrx_word' id='word_1_184' title='bbox 385 2709 493 2774; x_wconf 87' lang='lat' dir='ltr'><strong>verbis</strong></span> <span class='ocrx_word' id='word_1_185' title='bbox 523 2709 620 2773; x_wconf 87' lang='lat' dir='ltr'><strong>etiam</strong></span> <span class='ocrx_word' id='word_1_186' title='bbox 651 2708 794 2794; x_wconf 84' lang='lat' dir='ltr'><strong>profanis</strong></span> <span class='ocrx_word' id='word_1_187' title='bbox 826 2706 988 2772; x_wconf 88' lang='lat' dir='ltr'><strong>abstinere</strong></span> <span class='ocrx_word' id='word_1_188' title='bbox 1019 2729 1089 2771; x_wconf 79' lang='lat' dir='ltr'><strong>auos</strong></span> <span class='ocrx_word' id='word_1_189' title='bbox 1122 2709 1219 2778; x_wconf 75' lang='lat' dir='ltr'><strong>esset.</strong></span> 
     </span>
     <span class='ocr_line' id='line_1_25' title="bbox 111 2813 664 2898; baseline -0.004 -20"><span class='ocrx_word' id='word_1_190' title='bbox 111 2813 216 2879; x_wconf 83' lang='lat' dir='ltr'><strong>vincla</strong></span> <span class='ocrx_word' id='word_1_191' title='bbox 238 2819 272 2879; x_wconf 85' lang='lat' dir='ltr'><strong>et</strong></span> <span class='ocrx_word' id='word_1_192' title='bbox 293 2814 427 2898; x_wconf 84' lang='lat' dir='ltr'><strong>laqueus</strong></span> <span class='ocrx_word' id='word_1_193' title='bbox 449 2815 664 2879; x_wconf 87' lang='lat' dir='ltr'><strong>inducantur.‘</strong></span> 
     </span>
    </p>

    <p class='ocr_par' dir='ltr' id='par_1_3' title="bbox 109 2917 1220 3855">
     <span class='ocr_line' id='line_1_26' title="bbox 196 2917 1219 2985; baseline 0.001 -1"><span class='ocrx_word' id='word_1_194' title='bbox 196 2920 340 2984; x_wconf 83' lang='lat' dir='ltr'><strong>Tantum</strong></span> <span class='ocrx_word' id='word_1_195' title='bbox 371 2919 464 2984; x_wconf 83' lang='lat' dir='ltr'><strong>abest</strong></span> <span class='ocrx_word' id='word_1_196' title='bbox 493 2925 531 2985; x_wconf 88' lang='lat' dir='ltr'><strong>ut</strong></span> <span class='ocrx_word' id='word_1_197' title='bbox 560 2919 756 2985; x_wconf 86' lang='lat' dir='ltr'><strong>subiunctivi</strong></span> <span class='ocrx_word' id='word_1_198' title='bbox 785 2919 925 2984; x_wconf 79' lang='lat' dir='ltr'><strong>absoluti</strong></span> <span class='ocrx_word' id='word_1_199' title='bbox 950 2919 983 2984; x_wconf 91' lang='lat' dir='ltr'><strong>in</strong></span> <span class='ocrx_word' id='word_1_200' title='bbox 1012 2917 1219 2985; x_wconf 71' lang='lat' dir='ltr'><strong>concionibus</strong></span> 
     </span>
     <span class='ocr_line' id='line_1_27' title="bbox 110 3024 1220 3110; baseline -0.001 -20"><span class='ocrx_word' id='word_1_201' title='bbox 110 3024 250 3110; x_wconf 76' lang='lat' dir='ltr'><strong>obliquiu</strong></span> <span class='ocrx_word' id='word_1_202' title='bbox 276 3049 296 3090; x_wconf 90' lang='lat' dir='ltr'><strong>a</strong></span> <span class='ocrx_word' id='word_1_203' title='bbox 325 3025 441 3090; x_wconf 79' lang='lat' dir='ltr'><strong>Tacito</strong></span> <span class='ocrx_word' id='word_1_204' title='bbox 471 3028 629 3101; x_wconf 85' lang='lat' dir='ltr'><strong>narratis,</strong></span> <span class='ocrx_word' id='word_1_205' title='bbox 661 3026 715 3091; x_wconf 90' lang='lat' dir='ltr'><strong>ubi</strong></span> <span class='ocrx_word' id='word_1_206' title='bbox 746 3025 882 3091; x_wconf 90' lang='lat' dir='ltr'><strong>verbum</strong></span> <span class='ocrx_word' id='word_1_207' title='bbox 912 3047 1027 3110; x_wconf 85' lang='lat' dir='ltr'><strong>regens</strong></span> <span class='ocrx_word' id='word_1_208' title='bbox 1057 3024 1220 3089; x_wconf 76' lang='lat' dir='ltr'><strong>antecedit</strong></span> 
     </span>
     <span class='ocr_line' id='line_1_28' title="bbox 109 3129 1219 3218; baseline 0.001 -24"><span class='ocrx_word' id='word_1_209' title='bbox 109 3130 335 3218; x_wconf 86' lang='lat' dir='ltr'><strong>praeteritum,</strong></span> <span class='ocrx_word' id='word_1_210' title='bbox 358 3131 537 3217; x_wconf 87' lang='lat' dir='ltr'><strong>explicandi</strong></span> <span class='ocrx_word' id='word_1_211' title='bbox 554 3133 619 3196; x_wconf 86' lang='lat' dir='ltr'><strong>siut</strong></span> <span class='ocrx_word' id='word_1_212' title='bbox 633 3154 683 3207; x_wconf 89' lang='lat' dir='ltr'><strong>eo,</strong></span> <span class='ocrx_word' id='word_1_213' title='bbox 706 3133 794 3216; x_wconf 90' lang='lat' dir='ltr'><strong>quod</strong></span> <span class='ocrx_word' id='word_1_214' title='bbox 818 3154 877 3218; x_wconf 92' lang='lat' dir='ltr'><strong>pro</strong></span> <span class='ocrx_word' id='word_1_215' title='bbox 893 3131 955 3196; x_wconf 92' lang='lat' dir='ltr'><strong>boc</strong></span> <span class='ocrx_word' id='word_1_216' title='bbox 970 3129 1164 3215; x_wconf 87' lang='lat' dir='ltr'><strong>cogitaverit</strong></span> <span class='ocrx_word' id='word_1_217' title='bbox 1178 3129 1219 3195; x_wconf 83' lang='lat' dir='ltr'><strong>de</strong></span> 
     </span>
     <span class='ocr_line' id='line_1_29' title="bbox 110 3235 1218 3323; baseline -0.001 -23"><span class='ocrx_word' id='word_1_218' title='bbox 110 3237 272 3323; x_wconf 86' lang='lat' dir='ltr'><strong>praesenti</strong></span> <span class='ocrx_word' id='word_1_219' title='bbox 295 3236 467 3312; x_wconf 83' lang='lat' dir='ltr'><strong>historico,</strong></span> <span class='ocrx_word' id='word_1_220' title='bbox 491 3243 530 3302; x_wconf 91' lang='lat' dir='ltr'><strong>ut</strong></span> <span class='ocrx_word' id='word_1_221' title='bbox 549 3237 599 3302; x_wconf 86' lang='lat' dir='ltr'><strong>vel</strong></span> <span class='ocrx_word' id='word_1_222' title='bbox 622 3243 706 3314; x_wconf 86' lang='lat' dir='ltr'><strong>tum,</strong></span> <span class='ocrx_word' id='word_1_223' title='bbox 737 3259 836 3322; x_wconf 89' lang='lat' dir='ltr'><strong>quum</strong></span> <span class='ocrx_word' id='word_1_224' title='bbox 858 3237 968 3302; x_wconf 88' lang='lat' dir='ltr'><strong>concio</strong></span> <span class='ocrx_word' id='word_1_225' title='bbox 992 3235 1123 3318; x_wconf 85' lang='lat' dir='ltr'><strong>oblique</strong></span> <span class='ocrx_word' id='word_1_226' title='bbox 1145 3257 1218 3320; x_wconf 87' lang='lat' dir='ltr'><strong>pen·</strong></span> 
     </span>
     <span class='ocr_line' id='line_1_30' title="bbox 109 3340 1219 3429; baseline -0.002 -22"><span class='ocrx_word' id='word_1_227' title='bbox 109 3343 168 3407; x_wconf 87' lang='lat' dir='ltr'><strong>det</strong></span> <span class='ocrx_word' id='word_1_228' title='bbox 188 3365 228 3407; x_wconf 85' lang='lat' dir='ltr'><strong>ex</strong></span> <span class='ocrx_word' id='word_1_229' title='bbox 257 3342 357 3408; x_wconf 86' lang='lat' dir='ltr'><strong>verbo</strong></span> <span class='ocrx_word' id='word_1_230' title='bbox 386 3344 562 3428; x_wconf 89' lang='lat' dir='ltr'><strong>praesentis</strong></span> <span class='ocrx_word' id='word_1_231' title='bbox 592 3343 754 3420; x_wconf 73' lang='lat' dir='ltr'><strong>hismari,</strong></span> <span class='ocrx_word' id='word_1_232' title='bbox 789 3344 977 3429; x_wconf 87' lang='lat' dir='ltr'><strong>plerumque</strong></span> <span class='ocrx_word' id='word_1_233' title='bbox 1006 3341 1085 3405; x_wconf 87' lang='lat' dir='ltr'><strong>nihil</strong></span> <span class='ocrx_word' id='word_1_234' title='bbox 1114 3340 1219 3405; x_wconf 80' lang='lat' dir='ltr'><strong>formu</strong></span> 
     </span>
     <span class='ocr_line' id='line_1_31' title="bbox 109 3446 1218 3536; baseline -0.002 -24"><span class='ocrx_word' id='word_1_235' title='bbox 109 3447 189 3514; x_wconf 90' lang='lat' dir='ltr'><strong>baec</strong></span> <span class='ocrx_word' id='word_1_236' title='bbox 211 3453 373 3525; x_wconf 64' lang='lat' dir='ltr'><strong>abanec,</strong></span> <span class='ocrx_word' id='word_1_237' title='bbox 397 3449 455 3514; x_wconf 84' lang='lat' dir='ltr'><strong>sed</strong></span> <span class='ocrx_word' id='word_1_238' title='bbox 478 3471 588 3513; x_wconf 86' lang='lat' dir='ltr'><strong>verum</strong></span> <span class='ocrx_word' id='word_1_239' title='bbox 612 3455 751 3536; x_wconf 88' lang='lat' dir='ltr'><strong>ternpus,</strong></span> <span class='ocrx_word' id='word_1_240' title='bbox 774 3471 903 3534; x_wconf 85' lang='lat' dir='ltr'><strong>exque</strong></span> <span class='ocrx_word' id='word_1_241' title='bbox 925 3447 1081 3521; x_wconf 86' lang='lat' dir='ltr'><strong>refertur,</strong></span> <span class='ocrx_word' id='word_1_242' title='bbox 1103 3446 1218 3523; x_wconf 71' lang='lat' dir='ltr'><strong>valeat,</strong></span> 
     </span>
     <span class='ocr_line' id='line_1_32' title="bbox 109 3553 1218 3641; baseline -0.001 -23"><span class='ocrx_word' id='word_1_243' title='bbox 109 3553 303 3618; x_wconf 82' lang='lat' dir='ltr'><strong>coniunctivi</strong></span> <span class='ocrx_word' id='word_1_244' title='bbox 327 3576 403 3620; x_wconf 85' lang='lat' dir='ltr'><strong>vero</strong></span> <span class='ocrx_word' id='word_1_245' title='bbox 434 3560 584 3641; x_wconf 83' lang='lat' dir='ltr'><strong>tempora</strong></span> <span class='ocrx_word' id='word_1_246' title='bbox 612 3554 827 3619; x_wconf 84' lang='lat' dir='ltr'><strong>adhibeantur</strong></span> <span class='ocrx_word' id='word_1_247' title='bbox 853 3577 893 3618; x_wconf 81' lang='lat' dir='ltr'><strong>ex</strong></span> <span class='ocrx_word' id='word_1_248' title='bbox 923 3555 1067 3640; x_wconf 86' lang='lat' dir='ltr'><strong>ipsarum</strong></span> <span class='ocrx_word' id='word_1_249' title='bbox 1096 3557 1218 3617; x_wconf 87' lang='lat' dir='ltr'><strong>senteu-</strong></span> 
     </span>
     <span class='ocr_line' id='line_1_33' title="bbox 109 3659 1220 3747; baseline 0.001 -25"><span class='ocrx_word' id='word_1_250' title='bbox 109 3661 231 3723; x_wconf 85' lang='lat' dir='ltr'><strong>tiarum</strong></span> <span class='ocrx_word' id='word_1_251' title='bbox 255 3663 380 3724; x_wconf 81' lang='lat' dir='ltr'><strong>natura.</strong></span> <span class='ocrx_word' id='word_1_252' title='bbox 425 3661 635 3726; x_wconf 87' lang='lat' dir='ltr'><strong>Documento</strong></span> <span class='ocrx_word' id='word_1_253' title='bbox 657 3662 721 3726; x_wconf 90' lang='lat' dir='ltr'><strong>siut</strong></span> <span class='ocrx_word' id='word_1_254' title='bbox 742 3683 784 3726; x_wconf 90' lang='lat' dir='ltr'><strong>ex</strong></span> <span class='ocrx_word' id='word_1_255' title='bbox 804 3660 950 3747; x_wconf 82' lang='lat' dir='ltr'><strong>plurimis</strong></span> <span class='ocrx_word' id='word_1_256' title='bbox 966 3659 1120 3746; x_wconf 82' lang='lat' dir='ltr'><strong>exemplis</strong></span> <span class='ocrx_word' id='word_1_257' title='bbox 1137 3679 1220 3743; x_wconf 86' lang='lat' dir='ltr'><strong>quae</strong></span> 
     </span>
     <span class='ocr_line' id='line_1_34' title="bbox 109 3765 635 3855; baseline 0 -25"><span class='ocrx_word' id='word_1_258' title='bbox 109 3765 217 3831; x_wconf 82' lang='lat' dir='ltr'><strong>afferri</strong></span> <span class='ocrx_word' id='word_1_259' title='bbox 240 3769 389 3852; x_wconf 83' lang='lat' dir='ltr'><strong>possunt,</strong></span> <span class='ocrx_word' id='word_1_260' title='bbox 413 3765 493 3832; x_wconf 88' lang='lat' dir='ltr'><strong>haec</strong></span> <span class='ocrx_word' id='word_1_261' title='bbox 515 3789 635 3855; x_wconf 82' lang='lat' dir='ltr'><strong>pauca:</strong></span> 
     </span>
    </p>

    <p class='ocr_par' dir='ltr' id='par_1_4' title="bbox 199 3869 1220 3949">
     <span class='ocr_line' id='line_1_35' title="bbox 199 3869 1220 3949; baseline 0.001 -14"><span class='ocrx_word' id='word_1_262' title='bbox 199 3872 287 3939; x_wconf 84' lang='lat' dir='ltr'><strong>llisl.</strong></span> <span class='ocrx_word' id='word_1_263' title='bbox 312 3872 370 3946; x_wconf 92' lang='lat' dir='ltr'><strong>lV,</strong></span> <span class='ocrx_word' id='word_1_264' title='bbox 396 3880 455 3937; x_wconf 88' lang='lat'><strong>81:</strong></span> <span class='ocrx_word' id='word_1_265' title='bbox 478 3911 523 3920; x_wconf 94' lang='grc'><strong>-</strong></span> <span class='ocrx_word' id='word_1_266' title='bbox 546 3873 723 3949; x_wconf 88' lang='lat' dir='ltr'><strong>‚aestimari</strong></span> <span class='ocrx_word' id='word_1_267' title='bbox 747 3893 766 3935; x_wconf 91' lang='lat' dir='ltr'><strong>a</strong></span> <span class='ocrx_word' id='word_1_268' title='bbox 790 3872 930 3936; x_wconf 87' lang='lat' dir='ltr'><strong>medicis‘</strong></span> <span class='ocrx_word' id='word_1_269' title='bbox 953 3869 1053 3945; x_wconf 83' lang='lat' dir='ltr'><strong>iubet,</strong></span> <span class='ocrx_word' id='word_1_270' title='bbox 1077 3894 1131 3943; x_wconf 87' lang='lat' dir='ltr'><strong>‚an</strong></span> <span class='ocrx_word' id='word_1_271' title='bbox 1145 3871 1220 3936; x_wconf 80' lang='lat' dir='ltr'><strong>talis</strong></span> 
     </span>
    </p>
   </div>
   <div class='ocr_carea' id='block_1_3' title="bbox 110 3976 1220 4168">
    <p class='ocr_par' dir='ltr' id='par_1_5' title="bbox 110 3976 1220 4168">
     <span class='ocr_line' id='line_1_36' title="bbox 110 3976 1219 4066; baseline -0.001 -25"><span class='ocrx_word' id='word_1_272' title='bbox 110 3977 248 4042; x_wconf 84' lang='lat' dir='ltr'><strong>caecitas</strong></span> <span class='ocrx_word' id='word_1_273' title='bbox 272 4001 310 4043; x_wconf 89' lang='lat' dir='ltr'><strong>ao</strong></span> <span class='ocrx_word' id='word_1_274' title='bbox 332 3977 481 4044; x_wconf 86' lang='lat' dir='ltr'><strong>debilitas</strong></span> <span class='ocrx_word' id='word_1_275' title='bbox 503 4001 566 4066; x_wconf 88' lang='lat' dir='ltr'><strong>ope</strong></span> <span class='ocrx_word' id='word_1_276' title='bbox 582 3979 722 4044; x_wconf 88' lang='lat' dir='ltr'><strong>humana</strong></span> <span class='ocrx_word' id='word_1_277' title='bbox 739 3977 938 4064; x_wconf 77' lang='lat' dir='ltr'><strong>superabiles</strong></span> <span class='ocrx_word' id='word_1_278' title='bbox 954 3976 1083 4044; x_wconf 83' lang='lat' dir='ltr'><strong>furent‘</strong></span> <span class='ocrx_word' id='word_1_279' title='bbox 1098 4014 1142 4025; x_wconf 89' lang='lat'><strong>-—</strong></span> <span class='ocrx_word' id='word_1_280' title='bbox 1159 3983 1219 4042; x_wconf 76' lang='lat'><strong>522</strong></span> 
     </span>
     <span class='ocr_line' id='line_1_37' title="bbox 111 4082 1220 4168; baseline 0 -20"><span class='ocrx_word' id='word_1_281' title='bbox 111 4082 332 4168; x_wconf 83' lang='lat' dir='ltr'><strong>Vespasianus</strong></span> <span class='ocrx_word' id='word_1_282' title='bbox 361 4085 458 4162; x_wconf 86' lang='lat' dir='ltr'><strong>‚bono</strong></span> <span class='ocrx_word' id='word_1_283' title='bbox 487 4107 558 4150; x_wconf 82' lang='lat' dir='ltr'><strong>esse</strong></span> <span class='ocrx_word' id='word_1_284' title='bbox 586 4086 704 4151; x_wconf 79' lang='lat' dir='ltr'><strong>animo‘</strong></span> <span class='ocrx_word' id='word_1_285' title='bbox 733 4083 840 4160; x_wconf 88' lang='lat' dir='ltr'><strong>iubet,</strong></span> <span class='ocrx_word' id='word_1_286' title='bbox 870 4083 1094 4168; x_wconf 75' lang='lat' dir='ltr'><strong>‚belloqueet</strong></span> <span class='ocrx_word' id='word_1_287' title='bbox 1120 4084 1220 4148; x_wconf 84' lang='lat' dir='ltr'><strong>armis</strong></span> 
     </span>
    </p>
   </div>
   <div class='ocr_carea' id='block_1_4' title="bbox 0 0 1343 4508">
    <p class='ocr_par' dir='ltr' id='par_1_6' title="bbox 0 0 1343 4508">
     <span class='ocr_line' id='line_1_38' title="bbox 0 0 1343 4508; baseline 0 0"><span class='ocrx_word' id='word_1_288' title='bbox 0 0 1343 4508; x_wconf 95' lang='lat' dir='ltr'><strong> </strong></span> 
     </span>
    </p>
   </div>
  </div>
 </body>
</html>
