2670 4508
162 366 358 431 coniunctivi
392 366 574 452 imperfecti
597 373 631 432 et
662 368 977 455 plusquamperfecti.
1024 370 1094 434 lum
1118 393 1222 455 quum
1249 371 1283 436 hi

162 471 204 536 ab
232 472 294 535 illis
321 472 383 536 nisi
406 473 567 558 explicata
598 473 651 537 illa
679 473 851 550 relatione,
883 497 964 559 quae
995 475 1026 538 in
1057 474 1095 539 iis
1125 482 1281 562 apparot,

162 601 226 642 non
248 577 414 654 differant,
442 579 489 642 ita
512 581 642 662 utrique
665 579 820 665 distingui
844 585 998 666 possunt,
1029 586 1067 644 ut
1089 580 1122 644 hi
1146 581 1282 647 subiun-

162 684 239 749 ctivi
263 683 407 760 relativi,
439 683 484 747 illi
507 683 647 749 absoluti
675 685 891 750 nominentur.
938 684 1004 751 Sed
1027 687 1138 772 regula
1159 688 1215 751 illa
1240 711 1281 754 eo

163 811 276 863 sensu,
314 812 377 874 quo
407 812 448 853 ex
480 789 746 854 antecedentibus
782 790 990 876 intelligitur,
1028 793 1281 905 comprehendit

162 917 216 960 cas
245 900 373 959 tantum
405 918 459 959 sen
463 896 581 959 tentius
612 894 817 960 subiunctivo
848 898 944 960 ruodo
974 919 1162 982 expressas,
1192 922 1281 982 quae

92 1071 94 1075 ,
164 999 351 1074 subiective,
376 1025 441 1065 non
464 1022 552 1076 vero,
576 1024 659 1085 quae
679 1001 836 1066 obiective
860 1003 1001 1088 pendent
1016 1001 1170 1067 alicunde
1211 1004 1281 1085 (De

163 1109 377 1190 utrarumque
399 1105 584 1170 discrimine
606 1105 647 1171 cl.
672 1106 698 1170 F
707 1106 841 1171 rredr.
859 1107 998 1172 Haase
1021 1108 1062 1171 ad
1093 1100 1280 1195 Reisigii

163 1210 304 1276 librumr
335 1211 571 1297 ,Vorlesungen
601 1211 683 1276 iiber
710 1211 765 1276 lat.
789 1211 1145 1299 Spraclrwissenschaft‘
1176 1215 1278 1279 adun.

165 1322 248 1394 386,
271 1323 351 1391 478,
374 1324 450 1392 479,
475 1323 563 1399 498).
609 1315 814 1394 Sententiae,
843 1340 926 1402 quae
949 1317 1106 1383 obiective
1132 1319 1280 1404 pendent

163 1421 310 1487 alicunde
334 1426 367 1486 ct
388 1423 474 1506 quia,
498 1446 596 1507 quum
613 1444 746 1508 prorsus
762 1424 827 1487 sint
849 1423 890 1488 ab
912 1424 974 1487 illis
989 1424 1143 1499 diversae,
1169 1449 1189 1488 a
1212 1425 1280 1490 line

165 1527 243 1592 mihi
266 1529 435 1614 proposito
458 1533 535 1593 suut
556 1528 694 1605 alienae,
727 1533 761 1593 et
783 1530 859 1612 quia
890 1533 1018 1615 tempus
1040 1530 1073 1592 in
1099 1529 1138 1592 iis
1170 1532 1280 1616 magis

165 1632 319 1698 delinitur
341 1631 439 1697 rebus
462 1633 557 1719 ipsis,
589 1654 668 1717 quas
697 1635 884 1720 exprimunt
906 1655 963 1720 per
987 1655 1022 1698 se
1044 1643 1160 1711 veras,
1174 1656 1276 1718 quam

165 1742 354 1803 constanter
387 1739 472 1802 illam
505 1738 545 1802 de
580 1742 764 1823 temporum
799 1740 1026 1804 consecutione
1056 1740 1200 1826 regulam
1232 1763 1279 1806 se·

165 1849 324 1930 quantur,
348 1843 399 1908 hie
422 1844 492 1908 iure
516 1844 625 1908 omitti
645 1848 797 1930 possunt.
821 1884 864 1895 -
887 1845 966 1909 lllae
986 1866 1064 1910 vero
1086 1849 1279 1924 sententiae,

165 1937 210 2014 in
228 1971 309 2034 quas
347 1953 476 2035 praeter
509 1950 689 2014 sententias¹
717 1949 829 2015 finales
863 1956 896 2014 et
930 1951 1199 2037 interrogationes
1236 1954 1278 2018 iu·

165 2056 305 2120 directas
328 2053 514 2119 referendae
536 2059 613 2119 sunt
631 2075 742 2120 omnes
765 2057 945 2120 sententiae
967 2057 1174 2121 secundariae
1195 2058 1278 2134 illae,

166 2181 249 2246 quae
276 2158 480 2225 subiunctivo
509 2159 606 2223 modo
635 2180 805 2246 expressae
835 2166 929 2236 sunt,
959 2162 1035 2245 quia
1064 2161 1208 2247 pendent
1239 2186 1281 2229 ex

165 2266 366 2352 cogitatione
389 2265 467 2340 cius,
491 2266 545 2349 qui
568 2265 600 2328 in
617 2267 777 2330 sententia
792 2267 958 2352 primaria,
980 2271 1123 2350 (sensum
1146 2269 1281 2352 quidem

166 2371 256 2456 quod
279 2371 419 2453 attinet),
440 2375 491 2434 est
508 2369 701 2445 subiectum,
724 2369 779 2434 ubi
797 2371 837 2436 ub
853 2376 1007 2436 extranea
1025 2371 1156 2458 regulae
1170 2374 1283 2440 forma

167 2475 335 2551 aberrant,
363 2477 509 2540 interiori
533 2476 613 2564 legis
635 2480 774 2541 naturae
796 2498 833 2542 ac
860 2477 996 2552 rationi,
1020 2479 1138 2561 qualis
1152 2484 1282 2545 antece
1291 2476 1294 2485 ’

166 2580 392 2647 dentibust
342 2586 392 2645 est
401 2581 585 2668 explicata,
608 2582 804 2647 documento
825 2587 910 2648 sunt.
926 2583 1175 2668 -Sequuutur
1192 2586 1281 2650 enim

166 2709 263 2773 saepe
290 2691 367 2773 post
396 2691 526 2772 tempus
548 2686 640 2752 verbi
670 2687 887 2774 perfectum
878 2710 911 2751 m
940 2690 1101 2753 sententia
1124 2691 1282 2775 primaria

165 2792 361 2857 subiunctivi
385 2790 557 2857 absoluti
548 2814 580 2856 m
604 2793 806 2859 secundaria.
838 2793 956 2858 Potest
979 2799 1087 2858 autem
1105 2795 1281 2880 significari

166 2901 316 2985 tempore
339 2897 426 2962 verbi
444 2896 589 2983 perfecto
604 2920 669 2963 non
686 2899 783 2963 modo
794 2899 879 2962 actio
896 2900 1081 2984 praeterita,
1106 2901 1280 2965 sedetiam

166 3008 273 3069 status
296 3004 341 3067 rei
365 3024 531 3089 praesens,
561 3005 615 3088 qui
638 3003 691 3074 illa
712 3009 763 3068 est
785 3004 936 3080 effeetus,
959 3025 1096 3087 quocum
1120 3006 1281 3091 cogitatio

166 3110 277 3173 iuncta
297 3131 370 3173 cum
394 3109 520 3173 actione
539 3111 721 3196 'praeterito
752 3108 846 3174 simul
876 3109 994 3174 durare
1021 3115 1140 3196 potest.
1184 3111 1282 3176 Eius-

615 251 642 261 ν
712 165 730 221 2

42 3292 45 3297 Ι
167 3215 255 3279 modi
272 3213 420 3300 exempla
435 3220 513 3279 sunt
528 3214 621 3280 haec:
637 3215 801 3291 ,Etiamne
817 3216 858 3279 ad
873 3213 1023 3280 subsellia
1039 3238 1111 3280 cum
1128 3217 1215 3281 ferro
1233 3223 1282 3282 at-

166 3341 231 3405 que
253 3318 327 3384 telis
349 3320 480 3384 venistis
502 3325 595 3407 (ergo
610 3320 752 3404 adestis),
776 3325 814 3384 ut
836 3320 888 3409 hic
904 3343 955 3386 me
977 3325 1035 3385 aut
1050 3323 1203 3408 iuguletis
1221 3328 1283 3391 aut

165 3425 427 3492 condemnetisl‘
447 3423 532 3510 (Cic.
548 3426 645 3490 Rosea
661 3427 736 3490 Am.
762 3430 836 3508 11.).
868 3427 990 3512 Agitur
1011 3426 1062 3491 hic
1078 3428 1118 3492 de
1133 3428 1280 3506 consilio,

166 3531 255 3616 quod
285 3553 350 3596 non
374 3539 452 3596 tunc
476 3536 622 3608 tantum,
654 3553 753 3616 quum
776 3532 818 3596 ad
849 3532 1000 3596 subsellia
1028 3538 1202 3609 venerunt,
1240 3534 1282 3600 iis

166 3635 276 3712 fuerit,
300 3636 356 3701 sed
372 3637 460 3720 quod
475 3637 560 3701 idem
575 3637 608 3702 in
624 3638 786 3724 praesenti
802 3659 939 3722 quoque,
957 3660 1056 3723 quum
1073 3639 1113 3703 ad
1128 3639 1283 3707 subsellia

167 3744 267 3817 stant,
292 3746 427 3810 maneat.

234 3847 357 3924 Etiam,
382 3847 436 3913 ubi
453 3849 612 3914 sententia
627 3847 803 3915 subiective
818 3850 938 3936 pendet
953 3872 994 3914 ex
1008 3848 1107 3915 verbo
1123 3853 1283 3938 temporis

168 3953 358 4040 imperfecti,
382 3953 502 4040 legitur
524 3953 746 4020 subiunctivus
770 3955 954 4020 absolutus:
978 3956 1056 4021 Tac.
1073 3979 1144 4024 asnn.
1169 3958 1195 4033 l,
1221 3965 1282 4025 76:

168 4056 326 4138 (Edendis
338 4058 582 4146 gladiatoribus,
600 4082 681 4145 quos
694 4059 879 4127 Germanici
894 4061 1006 4127 fratris
1021 4084 1059 4128 ac
1074 4084 1133 4128 suo
1149 4065 1283 4132 nomine
