2670 4508
535 190 672 282 „ja

85 393 328 478 cogitationem.
365 389 546 473 Quarcvix
561 393 718 469 dubitem
741 395 817 478 quin
834 400 1025 480 corruptum
1047 417 1116 460 esse
1131 420 1198 483 rpur

85 502 151 562 tem
184 498 290 562 lucum
326 497 436 562 eadem
471 497 539 562 fere
574 499 715 573 ratione,
750 505 848 583 atque
881 522 980 586 supra
1012 496 1199 586 complures

84 605 224 669 vidimus
246 603 293 691 (p.
313 608 376 684 14).
423 607 638 688 Argumenta,
661 626 727 688 quo
746 604 828 668 haec
843 605 1027 669 coniectura
1048 627 1197 693 compro-

83 709 197 785 betur,
228 732 267 773 ex
290 710 335 774 rei
359 713 492 784 natura,
526 714 577 774 tot
600 709 820 795 exemplorum
843 711 1043 784 constantia,
1070 711 1198 796 aliquot

84 815 341 902 corruptelarum
365 814 573 879 similitudine
595 815 701 900 petito
724 816 840 880 adda-m
864 814 977 889 etiam,
1012 817 1098 899 quod
1122 840 1198 902 pro-

84 921 260 986 babilitatis
276 921 413 1006 speciem
427 919 643 995 afferathoc:
660 919 771 984 Etiam
788 920 820 984 in
836 920 874 983 iis
884 920 1197 1006 interrogationibus¹

83 1028 256 1101 indirectis,
280 1049 362 1110 quae
384 1049 424 1090 ex
447 1025 546 1090 verbo
570 1027 747 1112 praesentis
769 1024 914 1091 historici
937 1027 1098 1102 artissime
1120 1051 1196 1115 pen-

83 1133 170 1209 dent,
186 1132 320 1197 Tacitus
332 1131 553 1197 subiunctivos
564 1131 716 1196 relativos
732 1130 885 1195 adhibere
900 1131 1015 1196 solitus
1028 1136 1088 1207 est,
1105 1133 1196 1217 quod

82 1237 268 1303 testimonio
292 1242 352 1310 est,
377 1238 506 1301 eurn‘in
529 1237 591 1301 illis
613 1260 777 1321 nunquam
800 1260 863 1300 non
887 1238 1065 1323 respexisse
1087 1239 1194 1325 ipsum

82 1343 262 1409 subiectum
279 1343 412 1426 loquens
424 1343 555 1427 eiusque
567 1343 775 1428 cogitationis
792 1365 901 1407 verum
915 1346 1054 1429 tempus.
1077 1344 1196 1409 Exem-

82 1451 136 1536 pla
151 1448 270 1533 ubique
282 1454 465 1517 occurrunt.
489 1449 541 1513 Ex
558 1448 668 1519 multis
681 1449 811 1512 afferam
824 1470 941 1535 pauca:
966 1451 1050 1513 Anu.
1061 1450 1121 1525 Vl,
1136 1458 1194 1514 21:

81 1538 273 1621 Thrasullus
294 1556 529 1640 interrogatur,
553 1576 605 1630 ,au
629 1577 720 1617 suam
737 1574 865 1636 quoque
883 1554 1056 1639 genitalem
1079 1556 1197 1620 horam

81 1661 308 1746 comperisset3
344 1683 438 1744 quem
469 1664 540 1725 tum
575 1682 710 1734 aunum,
742 1658 870 1742 qualem
902 1659 986 1724 diem
1018 1659 1195 1725 haberetl‘

80 1767 144 1842 lll,
171 1773 228 1830 16:
249 1763 374 1830 'Caesar
396 1805 440 1814 -
463 1766 612 1849 exquirit,
636 1764 773 1850 ,qualem
795 1764 873 1829 Piso
896 1766 980 1829 diem
1005 1754 1196 1852 supremum

80 1871 279 1957 exegissetl‘
325 1871 389 1942 Xl,
413 1878 469 1936 30:
505 1869 611 1935 Simul
635 1868 861 1956 Cleopatram,
886 1892 935 1946 ,an
958 1872 1197 1958 comperisset‘,

79 1977 271 2062 interrogat.
296 1975 348 2042 Cf.
365 1976 445 2052 XV,
464 1982 516 2040 55.
533 1983 587 2040 61.
625 1974 737 2040 Unum
754 1980 882 2041 tautum
899 1975 1005 2041 locum
1029 1978 1114 2057 novi,
1137 1976 1195 2043 ubi

79 2083 186 2146 forma
208 2081 262 2145 illa
284 2081 440 2167 temporis
463 2086 616 2145 extranea
638 2081 670 2144 in
693 2081 948 2165 interrogatione
962 2081 1120 2147 indirecta
1141 2104 1196 2148 va-

79 2188 150 2253 luit.
197 2187 284 2254 Hist.
305 2188 365 2261 lv,
389 2193 449 2252 82:
472 2187 711 2251 Percunctatur
730 2186 928 2260 sacerdotes,
951 2210 1038 2261 ‚uum
1062 2187 1117 2252 illo
1140 2188 1195 2253 die

79 2293 237 2358 Basilides
268 2293 424 2379 templum
448 2292 602 2357 inisset?‘
633 2295 863 2377 percunctatur
886 2290 1016 2370 obvios,
1048 2316 1135 2366 ,num
1157 2293 1195 2358 iu

79 2399 160 2464 urbe
182 2399 295 2463 visus
318 2399 416 2463 situ

503 2663 767 2672 m...

166 3134 303 3202 Ceteras
326 3135 514 3202 concionum
530 3134 734 3219 obliquarum
757 3134 931 3200 sententias
955 3138 1043 3219 quod
1061 3137 1192 3221 attinet,

78 3241 379 3328 secundumlegem
396 3241 587 3327 generalem,
611 3262 707 3325 quam
729 3264 750 3304 a
762 3240 878 3305 Tacito
894 3239 1096 3307 observatam
1120 3263 1192 3307 esse

78 3347 196 3427 statui,
228 3346 280 3411 hic
302 3348 443 3433 primum
466 3347 595 3432 quidem
619 3346 839 3411 subiunctivos
865 3346 1018 3411 relativos
1040 3347 1193 3412 adhibuit

76 3455 109 3519 iu
131 3451 281 3519 omnibus
303 3453 357 3530 iis,
381 3475 480 3537 quas,
502 3456 572 3517 tum
595 3451 682 3535 quod
705 3452 854 3517 nituntur
875 3452 906 3516 in
930 3451 1027 3515 rebus
1048 3454 1196 3537 praeter..

75 3559 146 3634 itis,
183 3580 267 3643 quae
294 3558 446 3644 scriptori
479 3581 544 3623 nou
566 3555 670 3621 simul
702 3563 799 3622 notae
837 3558 969 3642 eiusque
998 3558 1189 3644 cogitationi

77 3668 262 3750 praesentes
284 3668 395 3738 erant,
428 3661 476 3740 vel
499 3663 532 3726 iu
554 3661 725 3748 peculiari,
756 3685 821 3747 qua
842 3662 1022 3728 subiectum
1054 3663 1189 3747 loquens

75 3767 238 3835 iudicabat
257 3767 297 3832 de
312 3767 419 3844 rebus,
442 3767 579 3844 ratione,
603 3772 673 3832 tum
696 3769 784 3853 quod
800 3767 1037 3833 simulabantur
1057 3771 1187 3833 tantum

76 3874 211 3950 abillo,
241 3877 279 3938 ut
301 3873 461 3940 obiective
482 3895 576 3938 veras
600 3878 634 3937 et
656 3896 714 3938 sua
743 3874 845 3960 ipsius
868 3877 976 3938 mente
998 3873 1093 3937 simul
1115 3895 1191 3938 con-¹

61 3982 186 4066 'ceptae
210 3978 330 4045 referre
351 4003 415 4045 nou
432 3981 549 4067 potuit.
588 3978 716 4044 Deinde
738 3979 770 4044 iu
792 3980 831 4044 iis
851 4000 989 4064 quoque,
1010 3976 1190 4063 inquibus,

75 4084 150 4151 licet
171 4083 331 4153 obiective
351 4106 444 4150 veras
468 4107 522 4150 eas
543 4085 715 4172 agnoverit
736 4086 888 4161 Tacitus,
911 4090 1033 4160 tamen,
1057 4087 1095 4147 ut
1116 4104 1188 4170 per-

1006 4195 1034 4250 ‘h
