<?xml version="1.0" encoding="UTF-8"?>
<!DOCTYPE html PUBLIC "-//W3C//DTD XHTML 1.0 Transitional//EN"
    "http://www.w3.org/TR/xhtml1/DTD/xhtml1-transitional.dtd">
<html xmlns="http://www.w3.org/1999/xhtml" xml:lang="en" lang="en">
 <head>
  <title>
</title>
<meta http-equiv="Content-Type" content="text/html;charset=utf-8" />
  <meta name='ocr-system' content='tesseract 3.04.00' />
  <meta name='ocr-capabilities' content='ocr_page ocr_carea ocr_par ocr_line ocrx_word'/>
</head>
<body>
  <div class='ocr_page' id='page_1' title='image "./deususubiunctiv00huetgoog_0032.png"; bbox 0 0 2670 4508; ppageno 0'>
   <div class='ocr_carea' id='block_1_1' title="bbox 569 156 778 249">
    <p class='ocr_par' dir='ltr' id='par_1_1' title="bbox 569 156 778 249">
     <span class='ocr_line' id='line_1_1' title="bbox 569 156 778 249; baseline 0.01 -1"><span class='ocrx_word' id='word_1_1' title='bbox 569 156 778 249; x_wconf 31' lang='lat' dir='ltr'>,Aa</span> 
     </span>
    </p>
   </div>
   <div class='ocr_carea' id='block_1_2' title="bbox 82 355 1234 4148">
    <p class='ocr_par' dir='ltr' id='par_1_2' title="bbox 82 355 1234 4148">
     <span class='ocr_line' id='line_1_2' title="bbox 118 355 1229 446; baseline -0.001 -23"><span class='ocrx_word' id='word_1_2' title='bbox 118 356 317 440; x_wconf 82' lang='lat' dir='ltr'>Octavium).</span> <span class='ocrx_word' id='word_1_3' title='bbox 350 355 434 423; x_wconf 86' lang='lat' dir='ltr'>Cum</span> <span class='ocrx_word' id='word_1_4' title='bbox 451 358 555 429; x_wconf 78' lang='lat' dir='ltr'>ironia</span> <span class='ocrx_word' id='word_1_5' title='bbox 570 359 709 442; x_wconf 80' lang='lat' dir='ltr'>quadam</span> <span class='ocrx_word' id='word_1_6' title='bbox 727 364 825 444; x_wconf 85' lang='lat' dir='ltr'>atquc</span> <span class='ocrx_word' id='word_1_7' title='bbox 840 357 1026 436; x_wconf 75' lang='lat' dir='ltr'><strong>acerbitate,</strong></span> <span class='ocrx_word' id='word_1_8' title='bbox 1041 381 1108 443; x_wconf 83' lang='lat' dir='ltr'>quo</span> <span class='ocrx_word' id='word_1_9' title='bbox 1124 359 1229 446; x_wconf 54' lang='lat' dir='ltr'>maffia</span> 
     </span>
     <span class='ocr_line' id='line_1_3' title="bbox 116 448 1230 550; baseline 0.004 -22"><span class='ocrx_word' id='word_1_10' title='bbox 116 461 344 543; x_wconf 78' lang='lat' dir='ltr'>exstimulatur</span> <span class='ocrx_word' id='word_1_11' title='bbox 356 448 503 550; x_wconf 19' lang='lat' dir='ltr'>..Neronis</span> <span class='ocrx_word' id='word_1_12' title='bbox 525 465 558 528; x_wconf 85' lang='lat' dir='ltr'>in</span> <span class='ocrx_word' id='word_1_13' title='bbox 582 464 753 531; x_wconf 81' lang='lat' dir='ltr'>Octaviam</span> <span class='ocrx_word' id='word_1_14' title='bbox 774 467 832 540; x_wconf 82' lang='lat' dir='ltr'>ira,</span> <span class='ocrx_word' id='word_1_15' title='bbox 856 465 1044 550; x_wconf 83' lang='lat' dir='ltr'>simpliciter</span> <span class='ocrx_word' id='word_1_16' title='bbox 1067 486 1127 550; x_wconf 82' lang='lat' dir='ltr'>pro</span> <span class='ocrx_word' id='word_1_17' title='bbox 1149 488 1230 532; x_wconf 81' lang='lat' dir='ltr'>vero</span> 
     </span>
     <span class='ocr_line' id='line_1_4' title="bbox 117 569 1228 658; baseline 0.005 -28"><span class='ocrx_word' id='word_1_18' title='bbox 117 571 211 655; x_wconf 69' lang='lat' dir='ltr'>point</span> <span class='ocrx_word' id='word_1_19' title='bbox 226 569 382 655; x_wconf 83' lang='lat' dir='ltr'>Poppaeo</span> <span class='ocrx_word' id='word_1_20' title='bbox 396 569 527 654; x_wconf 82' lang='lat' dir='ltr'>aliquid,</span> <span class='ocrx_word' id='word_1_21' title='bbox 552 593 592 634; x_wconf 85' lang='lat' dir='ltr'>ex</span> <span class='ocrx_word' id='word_1_22' title='bbox 607 594 672 655; x_wconf 90' lang='lat' dir='ltr'>quo</span> <span class='ocrx_word' id='word_1_23' title='bbox 688 571 828 658; x_wconf 85' lang='lat' dir='ltr'>pendeat</span> <span class='ocrx_word' id='word_1_24' title='bbox 844 570 999 646; x_wconf 83' lang='lat' dir='ltr'>hortatio,</span> <span class='ocrx_word' id='word_1_25' title='bbox 1015 591 1098 654; x_wconf 86' lang='lat' dir='ltr'>quae</span> <span class='ocrx_word' id='word_1_26' title='bbox 1113 570 1228 635; x_wconf 76' lang='lat' dir='ltr'>odiosa</span> 
     </span>
     <span class='ocr_line' id='line_1_5' title="bbox 115 673 1228 760; baseline 0.004 -22"><span class='ocrx_word' id='word_1_27' title='bbox 115 677 216 758; x_wconf 81' lang='lat' dir='ltr'>atque</span> <span class='ocrx_word' id='word_1_28' title='bbox 245 673 456 741; x_wconf 84' lang='lat' dir='ltr'>intolerabilis</span> <span class='ocrx_word' id='word_1_29' title='bbox 484 679 536 741; x_wconf 86' lang='lat' dir='ltr'>est</span> <span class='ocrx_word' id='word_1_30' title='bbox 562 674 701 751; x_wconf 81' lang='lat' dir='ltr'>Neroni,</span> <span class='ocrx_word' id='word_1_31' title='bbox 731 681 768 741; x_wconf 92' lang='lat' dir='ltr'>ut</span> <span class='ocrx_word' id='word_1_32' title='bbox 801 699 875 742; x_wconf 75' lang='lat' dir='ltr'>cuin</span> <span class='ocrx_word' id='word_1_33' title='bbox 905 675 966 740; x_wconf 87' lang='lat' dir='ltr'>hac</span> <span class='ocrx_word' id='word_1_34' title='bbox 993 675 1073 740; x_wconf 90' lang='lat' dir='ltr'>illud</span> <span class='ocrx_word' id='word_1_35' title='bbox 1097 697 1228 760; x_wconf 76' lang='lat' dir='ltr'>quoquo</span> 
     </span>
     <span class='ocr_line' id='line_1_6' title="bbox 115 779 1226 868; baseline 0.004 -25"><span class='ocrx_word' id='word_1_36' title='bbox 115 779 299 852; x_wconf 83' lang='lat' dir='ltr'>detestetur</span> <span class='ocrx_word' id='word_1_37' title='bbox 321 785 420 864; x_wconf 84' lang='lat' dir='ltr'>atque</span> <span class='ocrx_word' id='word_1_38' title='bbox 441 782 586 866; x_wconf 75' lang='lat' dir='ltr'>accipere</span> <span class='ocrx_word' id='word_1_39' title='bbox 601 805 661 868; x_wconf 83' lang='lat' dir='ltr'>pro</span> <span class='ocrx_word' id='word_1_40' title='bbox 676 782 901 848; x_wconf 82' lang='lat' dir='ltr'>veroabnuat.</span> <span class='ocrx_word' id='word_1_41' title='bbox 939 781 1066 847; x_wconf 83' lang='lat' dir='ltr'>Eodem</span> <span class='ocrx_word' id='word_1_42' title='bbox 1093 781 1226 849; x_wconf 83' lang='lat' dir='ltr'>consilio</span> 
     </span>
     <span class='ocr_line' id='line_1_7' title="bbox 116 883 1227 974; baseline 0.002 -23"><span class='ocrx_word' id='word_1_43' title='bbox 116 883 289 951; x_wconf 84' lang='lat' dir='ltr'>Octaviam</span> <span class='ocrx_word' id='word_1_44' title='bbox 312 891 407 952; x_wconf 86' lang='lat' dir='ltr'>vocat</span> <span class='ocrx_word' id='word_1_45' title='bbox 429 888 592 953; x_wconf 86' lang='lat' dir='ltr'>dominam</span> <span class='ocrx_word' id='word_1_46' title='bbox 610 888 771 974; x_wconf 87' lang='lat' dir='ltr'>Poppaea.</span> <span class='ocrx_word' id='word_1_47' title='bbox 803 886 907 953; x_wconf 86' lang='lat' dir='ltr'>Culus</span> <span class='ocrx_word' id='word_1_48' title='bbox 923 886 1095 951; x_wconf 83' lang='lat' dir='ltr'>verborum</span> <span class='ocrx_word' id='word_1_49' title='bbox 1112 907 1227 953; x_wconf 72' lang='lat' dir='ltr'>sensus</span> 
     </span>
     <span class='ocr_line' id='line_1_8' title="bbox 115 990 1226 1078; baseline 0.001 -22"><span class='ocrx_word' id='word_1_50' title='bbox 115 990 256 1056; x_wconf 79' lang='lat' dir='ltr'>estsere</span> <span class='ocrx_word' id='word_1_51' title='bbox 277 991 348 1057; x_wconf 83' lang='lat' dir='ltr'>hic:</span> <span class='ocrx_word' id='word_1_52' title='bbox 370 994 495 1069; x_wconf 80' lang='lat' dir='ltr'>,Accius</span> <span class='ocrx_word' id='word_1_53' title='bbox 518 993 681 1058; x_wconf 80' lang='lat' dir='ltr'>dominam</span> <span class='ocrx_word' id='word_1_54' title='bbox 706 998 816 1069; x_wconf 66' lang='lat' dir='ltr'>tuam</span> <span class='ocrx_word' id='word_1_55' title='bbox 841 1015 956 1078; x_wconf 86' lang='lat' dir='ltr'>nempe</span> <span class='ocrx_word' id='word_1_56' title='bbox 978 993 1013 1056; x_wconf 80' lang='lat' dir='ltr'>id</span> <span class='ocrx_word' id='word_1_57' title='bbox 1035 993 1132 1058; x_wconf 86' lang='lat' dir='ltr'>rebus</span> <span class='ocrx_word' id='word_1_58' title='bbox 1154 1015 1226 1057; x_wconf 89' lang='lat' dir='ltr'>con-</span> 
     </span>
     <span class='ocr_line' id='line_1_9' title="bbox 114 1092 1227 1184; baseline 0.006 -24"><span class='ocrx_word' id='word_1_59' title='bbox 114 1092 227 1166; x_wconf 59' lang='lat' dir='ltr'>ducit!</span> <span class='ocrx_word' id='word_1_60' title='bbox 273 1096 340 1163; x_wconf 88' lang='lat' dir='ltr'>Sed</span> <span class='ocrx_word' id='word_1_61' title='bbox 362 1099 447 1174; x_wconf 88' lang='lat' dir='ltr'>vult,</span> <span class='ocrx_word' id='word_1_62' title='bbox 476 1104 513 1164; x_wconf 89' lang='lat' dir='ltr'>ut</span> <span class='ocrx_word' id='word_1_63' title='bbox 535 1099 732 1184; x_wconf 85' lang='lat' dir='ltr'>respondeat</span> <span class='ocrx_word' id='word_1_64' title='bbox 756 1098 862 1165; x_wconf 84' lang='lat' dir='ltr'>Nero:</span> <span class='ocrx_word' id='word_1_65' title='bbox 891 1096 991 1174; x_wconf 80' lang='lat' dir='ltr'>¹,Non</span> <span class='ocrx_word' id='word_1_66' title='bbox 1014 1099 1048 1164; x_wconf 91' lang='lat' dir='ltr'>id</span> <span class='ocrx_word' id='word_1_67' title='bbox 1073 1098 1227 1176; x_wconf 82' lang='lat' dir='ltr'>conducit</span> 
     </span>
     <span class='ocr_line' id='line_1_10' title="bbox 113 1201 1226 1290; baseline 0 -24"><span class='ocrx_word' id='word_1_68' title='bbox 113 1201 229 1278; x_wconf 80' lang='lat' dir='ltr'>rebus,</span> <span class='ocrx_word' id='word_1_69' title='bbox 253 1204 353 1268; x_wconf 86' lang='lat' dir='ltr'>immo</span> <span class='ocrx_word' id='word_1_70' title='bbox 375 1203 463 1269; x_wconf 86' lang='lat' dir='ltr'>aliud</span> <span class='ocrx_word' id='word_1_71' title='bbox 484 1208 540 1288; x_wconf 85' lang='lat' dir='ltr'>(se.</span> <span class='ocrx_word' id='word_1_72' title='bbox 566 1228 652 1269; x_wconf 88' lang='lat' dir='ltr'>mors</span> <span class='ocrx_word' id='word_1_73' title='bbox 677 1202 864 1286; x_wconf 86' lang='lat' dir='ltr'>Octaviae);</span> <span class='ocrx_word' id='word_1_74' title='bbox 894 1226 974 1290; x_wconf 82' lang='lat' dir='ltr'>ergo</span> <span class='ocrx_word' id='word_1_75' title='bbox 996 1226 1061 1268; x_wconf 87' lang='lat' dir='ltr'>uon</span> <span class='ocrx_word' id='word_1_76' title='bbox 1083 1203 1226 1270; x_wconf 57' lang='lat' dir='ltr'>aeciam}</span> 
     </span>
     <span class='ocr_line' id='line_1_11' title="bbox 113 1307 1225 1395; baseline 0.003 -23"><span class='ocrx_word' id='word_1_77' title='bbox 113 1309 184 1373; x_wconf 87' lang='lat' dir='ltr'>lam</span> <span class='ocrx_word' id='word_1_78' title='bbox 215 1315 339 1393; x_wconf 84' lang='lat' dir='ltr'>quanto</span> <span class='ocrx_word' id='word_1_79' title='bbox 368 1311 413 1375; x_wconf 89' lang='lat' dir='ltr'>sit</span> <span class='ocrx_word' id='word_1_80' title='bbox 441 1311 551 1394; x_wconf 88' lang='lat' dir='ltr'>aptius</span> <span class='ocrx_word' id='word_1_81' title='bbox 580 1311 612 1374; x_wconf 92' lang='lat' dir='ltr'>in</span> <span class='ocrx_word' id='word_1_82' title='bbox 642 1310 766 1375; x_wconf 85' lang='lat' dir='ltr'>directa</span> <span class='ocrx_word' id='word_1_83' title='bbox 795 1311 941 1376; x_wconf 82' lang='lat' dir='ltr'>oratione</span> <span class='ocrx_word' id='word_1_84' title='bbox 969 1310 1114 1395; x_wconf 86' lang='lat' dir='ltr'>accipere</span> <span class='ocrx_word' id='word_1_85' title='bbox 1141 1307 1225 1375; x_wconf 83' lang='lat' dir='ltr'>hane</span> 
     </span>
     <span class='ocr_line' id='line_1_12' title="bbox 112 1413 1224 1500; baseline 0.001 -22"><span class='ocrx_word' id='word_1_86' title='bbox 112 1415 294 1480; x_wconf 86' lang='lat' dir='ltr'>sententiae</span> <span class='ocrx_word' id='word_1_87' title='bbox 308 1415 533 1490; x_wconf 76' lang='lat' dir='ltr'>conditionalis</span> <span class='ocrx_word' id='word_1_88' title='bbox 549 1414 687 1481; x_wconf 79' lang='lat' dir='ltr'>formam</span> <span class='ocrx_word' id='word_1_89' title='bbox 697 1439 706 1481; x_wconf 77' lang='lat' dir='ltr'>t</span> <span class='ocrx_word' id='word_1_90' title='bbox 718 1416 757 1488; x_wconf 78' lang='lat' dir='ltr'>,si</span> <span class='ocrx_word' id='word_1_91' title='bbox 772 1453 818 1464; x_wconf 93' lang='lat'>-·</span> <span class='ocrx_word' id='word_1_92' title='bbox 831 1415 994 1482; x_wconf 85' lang='lat' dir='ltr'>conducit‘</span> <span class='ocrx_word' id='word_1_93' title='bbox 1011 1438 1107 1500; x_wconf 87' lang='lat' dir='ltr'>quam</span> <span class='ocrx_word' id='word_1_94' title='bbox 1123 1413 1224 1480; x_wconf 71' lang='lat' dir='ltr'>hence</span> 
     </span>
     <span class='ocr_line' id='line_1_13' title="bbox 113 1521 1224 1608; baseline 0.002 -24"><span class='ocrx_word' id='word_1_95' title='bbox 113 1521 151 1596; x_wconf 88' lang='lat' dir='ltr'>‚si</span> <span class='ocrx_word' id='word_1_96' title='bbox 168 1521 338 1586; x_wconf 87' lang='lat' dir='ltr'>conducat‘</span> <span class='ocrx_word' id='word_1_97' title='bbox 354 1522 489 1606; x_wconf 85' lang='lat' dir='ltr'>quisque</span> <span class='ocrx_word' id='word_1_98' title='bbox 503 1522 674 1608; x_wconf 81' lang='lat' dir='ltr'>intelliget.</span> <span class='ocrx_word' id='word_1_99' title='bbox 699 1522 798 1596; x_wconf 81' lang='lat' dir='ltr'>XIV,</span> <span class='ocrx_word' id='word_1_100' title='bbox 816 1529 853 1586; x_wconf 85' lang='lat'>3:</span> <span class='ocrx_word' id='word_1_101' title='bbox 870 1522 1026 1587; x_wconf 82' lang='lat' dir='ltr'>Anicetus</span> <span class='ocrx_word' id='word_1_102' title='bbox 1040 1559 1085 1570; x_wconf 88' lang='lat'>--</span> <span class='ocrx_word' id='word_1_103' title='bbox 1100 1540 1224 1597; x_wconf 85' lang='lat' dir='ltr'>,navem</span> 
     </span>
     <span class='ocr_line' id='line_1_14' title="bbox 118 1628 1224 1714; baseline 0.005 -25"><span class='ocrx_word' id='word_1_104' title='bbox 118 1647 216 1711; x_wconf 85' lang='lat' dir='ltr'>posse</span> <span class='ocrx_word' id='word_1_105' title='bbox 239 1628 400 1712; x_wconf 87' lang='lat' dir='ltr'>componi‘</span> <span class='ocrx_word' id='word_1_106' title='bbox 423 1628 535 1704; x_wconf 88' lang='lat' dir='ltr'>docet,</span> <span class='ocrx_word' id='word_1_107' title='bbox 558 1629 665 1704; x_wconf 85' lang='lat' dir='ltr'>,cuius</span> <span class='ocrx_word' id='word_1_108' title='bbox 687 1650 763 1714; x_wconf 83' lang='lat' dir='ltr'>pars</span> <span class='ocrx_word' id='word_1_109' title='bbox 786 1628 857 1713; x_wconf 91' lang='lat' dir='ltr'>ipso</span> <span class='ocrx_word' id='word_1_110' title='bbox 878 1628 910 1692; x_wconf 91' lang='lat' dir='ltr'>iu</span> <span class='ocrx_word' id='word_1_111' title='bbox 935 1628 1016 1691; x_wconf 83' lang='lat' dir='ltr'>mari</span> <span class='ocrx_word' id='word_1_112' title='bbox 1038 1649 1096 1713; x_wconf 89' lang='lat' dir='ltr'>per</span> <span class='ocrx_word' id='word_1_113' title='bbox 1119 1629 1224 1695; x_wconf 84' lang='lat' dir='ltr'>artem</span> 
     </span>
     <span class='ocr_line' id='line_1_15' title="bbox 112 1730 1224 1819; baseline 0.002 -25"><span class='ocrx_word' id='word_1_114' title='bbox 112 1730 222 1796; x_wconf 86' lang='lat' dir='ltr'>soluta</span> <span class='ocrx_word' id='word_1_115' title='bbox 251 1732 428 1798; x_wconf 82' lang='lat' dir='ltr'>effunderet</span> <span class='ocrx_word' id='word_1_116' title='bbox 458 1734 611 1819; x_wconf 82' lang='lat' dir='ltr'>ignaram.</span> <span class='ocrx_word' id='word_1_117' title='bbox 661 1732 749 1799; x_wconf 89' lang='lat' dir='ltr'>Nihil</span> <span class='ocrx_word' id='word_1_118' title='bbox 778 1737 845 1798; x_wconf 84' lang='lat' dir='ltr'>tam</span> <span class='ocrx_word' id='word_1_119' title='bbox 877 1753 982 1818; x_wconf 82' lang='lat' dir='ltr'>capax</span> <span class='ocrx_word' id='word_1_120' title='bbox 1011 1731 1224 1798; x_wconf 81' lang='lat' dir='ltr'>fortuitorum</span> 
     </span>
     <span class='ocr_line' id='line_1_16' title="bbox 112 1838 1224 1925; baseline 0.004 -24"><span class='ocrx_word' id='word_1_121' title='bbox 112 1860 211 1921; x_wconf 80' lang='lat' dir='ltr'>quem</span> <span class='ocrx_word' id='word_1_122' title='bbox 243 1860 349 1915; x_wconf 81' lang='lat' dir='ltr'>mare3</span> <span class='ocrx_word' id='word_1_123' title='bbox 385 1843 418 1903; x_wconf 87' lang='lat' dir='ltr'>et</span> <span class='ocrx_word' id='word_1_124' title='bbox 446 1840 472 1903; x_wconf 89' lang='lat' dir='ltr'>si</span> <span class='ocrx_word' id='word_1_125' title='bbox 500 1839 671 1925; x_wconf 85' lang='lat' dir='ltr'>naufragio</span> <span class='ocrx_word' id='word_1_126' title='bbox 702 1841 885 1925; x_wconf 80' lang='lat' dir='ltr'>intercepta</span> <span class='ocrx_word' id='word_1_127' title='bbox 906 1839 979 1914; x_wconf 91' lang='lat' dir='ltr'>sit,</span> <span class='ocrx_word' id='word_1_128' title='bbox 1016 1861 1113 1922; x_wconf 91' lang='lat' dir='ltr'>quem</span> <span class='ocrx_word' id='word_1_129' title='bbox 1143 1838 1224 1905; x_wconf 81' lang='lat' dir='ltr'>adeo</span> 
     </span>
     <span class='ocr_line' id='line_1_17' title="bbox 111 1943 1225 2030; baseline 0.002 -22"><span class='ocrx_word' id='word_1_130' title='bbox 111 1945 269 2027; x_wconf 86' lang='lat' dir='ltr'>iniquum,</span> <span class='ocrx_word' id='word_1_131' title='bbox 292 1947 331 2008; x_wconf 90' lang='lat' dir='ltr'>ut</span> <span class='ocrx_word' id='word_1_132' title='bbox 354 1944 463 2008; x_wconf 82' lang='lat' dir='ltr'>sceleri</span> <span class='ocrx_word' id='word_1_133' title='bbox 486 1945 646 2030; x_wconf 78' lang='lat' dir='ltr'>adsignet,</span> <span class='ocrx_word' id='word_1_134' title='bbox 668 1944 756 2029; x_wconf 89' lang='lat' dir='ltr'>quod</span> <span class='ocrx_word' id='word_1_135' title='bbox 779 1945 865 2009; x_wconf 85' lang='lat' dir='ltr'>venti</span> <span class='ocrx_word' id='word_1_136' title='bbox 889 1949 923 2009; x_wconf 90' lang='lat' dir='ltr'>et</span> <span class='ocrx_word' id='word_1_137' title='bbox 944 1943 1063 2008; x_wconf 88' lang='lat' dir='ltr'>fluctus</span> <span class='ocrx_word' id='word_1_138' title='bbox 1086 1943 1225 2028; x_wconf 86' lang='lat' dir='ltr'>delique·</span> 
     </span>
     <span class='ocr_line' id='line_1_18' title="bbox 112 2049 1225 2116; baseline 0.001 -3"><span class='ocrx_word' id='word_1_139' title='bbox 112 2050 201 2114; x_wconf 63' lang='lat' dir='ltr'>rint!</span> <span class='ocrx_word' id='word_1_140' title='bbox 252 2050 290 2115; x_wconf 91' lang='lat' dir='ltr'>ln</span> <span class='ocrx_word' id='word_1_141' title='bbox 321 2051 445 2114; x_wconf 81' lang='lat' dir='ltr'>directo</span> <span class='ocrx_word' id='word_1_142' title='bbox 474 2051 621 2114; x_wconf 83' lang='lat' dir='ltr'>oratione</span> <span class='ocrx_word' id='word_1_143' title='bbox 651 2051 829 2115; x_wconf 86' lang='lat' dir='ltr'>sententiae</span> <span class='ocrx_word' id='word_1_144' title='bbox 859 2049 1085 2116; x_wconf 84' lang='lat' dir='ltr'>conditionalis</span> <span class='ocrx_word' id='word_1_145' title='bbox 1117 2049 1225 2114; x_wconf 75' lang='lat' dir='ltr'>fornia</span> 
     </span>
     <span class='ocr_line' id='line_1_19' title="bbox 112 2154 1225 2241; baseline -0.001 -23"><span class='ocrx_word' id='word_1_146' title='bbox 112 2159 200 2219; x_wconf 87' lang='lat' dir='ltr'>esset</span> <span class='ocrx_word' id='word_1_147' title='bbox 222 2176 325 2239; x_wconf 86' lang='lat' dir='ltr'>neque</span> <span class='ocrx_word' id='word_1_148' title='bbox 345 2154 439 2220; x_wconf 84' lang='lat' dir='ltr'>haec:</span> <span class='ocrx_word' id='word_1_149' title='bbox 466 2155 506 2231; x_wconf 85' lang='lat' dir='ltr'>‚si</span> <span class='ocrx_word' id='word_1_150' title='bbox 526 2191 574 2204; x_wconf 79' lang='grc'>-·</span> <span class='ocrx_word' id='word_1_151' title='bbox 594 2156 774 2241; x_wconf 79' lang='lat' dir='ltr'>intercepta</span> <span class='ocrx_word' id='word_1_152' title='bbox 796 2157 850 2220; x_wconf 88' lang='lat' dir='ltr'>sit‘</span> <span class='ocrx_word' id='word_1_153' title='bbox 873 2177 976 2240; x_wconf 89' lang='lat' dir='ltr'>neque</span> <span class='ocrx_word' id='word_1_154' title='bbox 999 2155 1097 2222; x_wconf 65' lang='lat' dir='ltr'>haece</span> <span class='ocrx_word' id='word_1_155' title='bbox 1119 2155 1158 2230; x_wconf 87' lang='lat' dir='ltr'>‚si</span> <span class='ocrx_word' id='word_1_156' title='bbox 1180 2191 1225 2203; x_wconf 92' lang='lat'><em>-</em></span> 
     </span>
     <span class='ocr_line' id='line_1_20' title="bbox 82 2258 1224 2347; baseline 0 -24"><span class='ocrx_word' id='word_1_157' title='bbox 82 2261 295 2346; x_wconf 80' lang='lat' dir='ltr'>·intercepta</span> <span class='ocrx_word' id='word_1_158' title='bbox 326 2262 409 2330; x_wconf 84' lang='lat' dir='ltr'>erit‘.</span> <span class='ocrx_word' id='word_1_159' title='bbox 460 2260 548 2326; x_wconf 83' lang='lat' dir='ltr'>Nihil</span> <span class='ocrx_word' id='word_1_160' title='bbox 577 2263 661 2327; x_wconf 89' lang='lat' dir='ltr'>euim</span> <span class='ocrx_word' id='word_1_161' title='bbox 692 2263 856 2347; x_wconf 86' lang='lat' dir='ltr'>cogitatur</span> <span class='ocrx_word' id='word_1_162' title='bbox 882 2262 923 2326; x_wconf 90' lang='lat' dir='ltr'>de</span> <span class='ocrx_word' id='word_1_163' title='bbox 952 2266 1070 2327; x_wconf 86' lang='lat' dir='ltr'>eventu</span> <span class='ocrx_word' id='word_1_164' title='bbox 1101 2258 1224 2326; x_wconf 88' lang='lat' dir='ltr'>consilii</span> 
     </span>
     <span class='ocr_line' id='line_1_21' title="bbox 113 2367 1224 2454; baseline 0.004 -25"><span class='ocrx_word' id='word_1_165' title='bbox 113 2368 294 2452; x_wconf 78' lang='lat' dir='ltr'>propositi,</span> <span class='ocrx_word' id='word_1_166' title='bbox 322 2368 380 2431; x_wconf 88' lang='lat' dir='ltr'>sed</span> <span class='ocrx_word' id='word_1_167' title='bbox 407 2367 570 2452; x_wconf 87' lang='lat' dir='ltr'>loquentis</span> <span class='ocrx_word' id='word_1_168' title='bbox 599 2367 677 2433; x_wconf 89' lang='lat' dir='ltr'>nihil</span> <span class='ocrx_word' id='word_1_169' title='bbox 707 2369 859 2444; x_wconf 81' lang='lat' dir='ltr'>interest,</span> <span class='ocrx_word' id='word_1_170' title='bbox 886 2368 946 2433; x_wconf 89' lang='lat' dir='ltr'>nisi</span> <span class='ocrx_word' id='word_1_171' title='bbox 970 2371 1008 2431; x_wconf 87' lang='lat' dir='ltr'>ut</span> <span class='ocrx_word' id='word_1_172' title='bbox 1027 2370 1224 2454; x_wconf 76' lang='lat' dir='ltr'>agnoscatur</span> 
     </span>
     <span class='ocr_line' id='line_1_22' title="bbox 111 2471 1223 2559; baseline 0.004 -24"><span class='ocrx_word' id='word_1_173' title='bbox 111 2495 215 2536; x_wconf 86' lang='lat' dir='ltr'>nexus</span> <span class='ocrx_word' id='word_1_174' title='bbox 237 2473 384 2547; x_wconf 82' lang='lat' dir='ltr'>causalis,</span> <span class='ocrx_word' id='word_1_175' title='bbox 408 2475 463 2557; x_wconf 91' lang='lat' dir='ltr'>qui</span> <span class='ocrx_word' id='word_1_176' title='bbox 486 2479 537 2538; x_wconf 88' lang='lat' dir='ltr'>est</span> <span class='ocrx_word' id='word_1_177' title='bbox 552 2474 636 2538; x_wconf 85' lang='lat' dir='ltr'>inter</span> <span class='ocrx_word' id='word_1_178' title='bbox 652 2474 796 2559; x_wconf 79' lang='lat' dir='ltr'>protasio</span> <span class='ocrx_word' id='word_1_179' title='bbox 813 2478 846 2538; x_wconf 87' lang='lat' dir='ltr'>et</span> <span class='ocrx_word' id='word_1_180' title='bbox 863 2471 1031 2559; x_wconf 82' lang='lat' dir='ltr'>apoduein.</span> <span class='ocrx_word' id='word_1_181' title='bbox 1052 2471 1131 2538; x_wconf 32' lang='lat' dir='ltr'>*Pro</span> <span class='ocrx_word' id='word_1_182' title='bbox 1146 2486 1223 2539; x_wconf 73' lang='lat' dir='ltr'>vero</span> 
     </span>
     <span class='ocr_line' id='line_1_23' title="bbox 112 2575 1222 2664; baseline -0.002 -23"><span class='ocrx_word' id='word_1_183' title='bbox 112 2576 235 2660; x_wconf 85' lang='lat' dir='ltr'>aliquid</span> <span class='ocrx_word' id='word_1_184' title='bbox 250 2579 393 2664; x_wconf 84' lang='lat' dir='ltr'>ponitur,</span> <span class='ocrx_word' id='word_1_185' title='bbox 413 2583 452 2643; x_wconf 88' lang='lat' dir='ltr'>nt</span> <span class='ocrx_word' id='word_1_186' title='bbox 467 2579 499 2642; x_wconf 90' lang='lat' dir='ltr'>in</span> <span class='ocrx_word' id='word_1_187' title='bbox 516 2600 556 2642; x_wconf 90' lang='lat' dir='ltr'>eo</span> <span class='ocrx_word' id='word_1_188' title='bbox 571 2583 725 2662; x_wconf 85' lang='lat' dir='ltr'>tunquam</span> <span class='ocrx_word' id='word_1_189' title='bbox 737 2602 836 2644; x_wconf 88' lang='lat' dir='ltr'>causa</span> <span class='ocrx_word' id='word_1_190' title='bbox 852 2579 970 2643; x_wconf 83' lang='lat' dir='ltr'>veritas</span> <span class='ocrx_word' id='word_1_191' title='bbox 987 2575 1222 2652; x_wconf 84' lang='lat' dir='ltr'>affirmationis,</span> 
     </span>
     <span class='ocr_line' id='line_1_24' title="bbox 112 2681 1234 2776; baseline -0.001 -30"><span class='ocrx_word' id='word_1_192' title='bbox 112 2703 195 2766; x_wconf 87' lang='lat' dir='ltr'>quae</span> <span class='ocrx_word' id='word_1_193' title='bbox 215 2690 266 2749; x_wconf 89' lang='lat' dir='ltr'>est</span> <span class='ocrx_word' id='word_1_194' title='bbox 286 2685 318 2747; x_wconf 87' lang='lat' dir='ltr'>in</span> <span class='ocrx_word' id='word_1_195' title='bbox 342 2685 478 2770; x_wconf 83' lang='lat' dir='ltr'>apodosi</span> <span class='ocrx_word' id='word_1_196' title='bbox 499 2684 580 2768; x_wconf 89' lang='lat' dir='ltr'>(soil.</span> <span class='ocrx_word' id='word_1_197' title='bbox 596 2685 766 2760; x_wconf 88' lang='lat' dir='ltr'>,neminem</span> <span class='ocrx_word' id='word_1_198' title='bbox 781 2684 894 2750; x_wconf 82' lang='lat' dir='ltr'>sceleri</span> <span class='ocrx_word' id='word_1_199' title='bbox 914 2684 1120 2770; x_wconf 73' lang='lat' dir='ltr'>adsignare‘).</span> <span class='ocrx_word' id='word_1_200' title='bbox 1143 2681 1234 2776; x_wconf 35' lang='lat' dir='ltr'>nita-l</span> 
     </span>
     <span class='ocr_line' id='line_1_25' title="bbox 112 2773 1223 2877; baseline -0.001 -26"><span class='ocrx_word' id='word_1_201' title='bbox 112 2793 179 2853; x_wconf 80' lang='lat' dir='ltr'>tur.</span> <span class='ocrx_word' id='word_1_202' title='bbox 238 2789 332 2854; x_wconf 86' lang='lat' dir='ltr'>llaec</span> <span class='ocrx_word' id='word_1_203' title='bbox 357 2791 418 2856; x_wconf 91' lang='lat' dir='ltr'>loci</span> <span class='ocrx_word' id='word_1_204' title='bbox 448 2792 532 2855; x_wconf 79' lang='lat' dir='ltr'>ratio</span> <span class='ocrx_word' id='word_1_205' title='bbox 563 2790 722 2877; x_wconf 82' lang='lat' dir='ltr'>probatur</span> <span class='ocrx_word' id='word_1_206' title='bbox 751 2773 953 2856; x_wconf 76' lang='lat' dir='ltr'>antecedenti</span> <span class='ocrx_word' id='word_1_207' title='bbox 983 2788 1144 2854; x_wconf 85' lang='lat' dir='ltr'>sententia</span> <span class='ocrx_word' id='word_1_208' title='bbox 1171 2805 1223 2872; x_wconf 54' lang='lat' dir='ltr'>gef</span> 
     </span>
     <span class='ocr_line' id='line_1_26' title="bbox 110 2893 1222 2983; baseline 0.002 -25"><span class='ocrx_word' id='word_1_209' title='bbox 110 2894 228 2958; x_wconf 70' lang='lat' dir='ltr'>aerolie</span> <span class='ocrx_word' id='word_1_210' title='bbox 250 2894 349 2971; x_wconf 82' lang='lat' dir='ltr'>,Nihil</span> <span class='ocrx_word' id='word_1_211' title='bbox 372 2902 440 2961; x_wconf 86' lang='lat' dir='ltr'>tam</span> <span class='ocrx_word' id='word_1_212' title='bbox 463 2919 567 2983; x_wconf 85' lang='lat' dir='ltr'>capax</span> <span class='ocrx_word' id='word_1_213' title='bbox 580 2895 793 2962; x_wconf 81' lang='lat' dir='ltr'>fortuitorum</span> <span class='ocrx_word' id='word_1_214' title='bbox 816 2919 913 2983; x_wconf 87' lang='lat' dir='ltr'>quam</span> <span class='ocrx_word' id='word_1_215' title='bbox 938 2904 1047 2971; x_wconf 88' lang='lat' dir='ltr'>mare‘,</span> <span class='ocrx_word' id='word_1_216' title='bbox 1069 2914 1135 2978; x_wconf 87' lang='lat' dir='ltr'>qua</span> <span class='ocrx_word' id='word_1_217' title='bbox 1157 2893 1222 2960; x_wconf 80' lang='lat' dir='ltr'>iam</span> 
     </span>
     <span class='ocr_line' id='line_1_27' title="bbox 110 2997 1222 3088; baseline -0.001 -24"><span class='ocrx_word' id='word_1_218' title='bbox 110 3001 251 3065; x_wconf 76' lang='lat' dir='ltr'>vortitur</span> <span class='ocrx_word' id='word_1_219' title='bbox 279 3003 405 3065; x_wconf 87' lang='lat' dir='ltr'>animus</span> <span class='ocrx_word' id='word_1_220' title='bbox 435 3003 478 3068; x_wconf 90' lang='lat' dir='ltr'>ad</span> <span class='ocrx_word' id='word_1_221' title='bbox 504 3003 609 3067; x_wconf 86' lang='lat' dir='ltr'>solum</span> <span class='ocrx_word' id='word_1_222' title='bbox 639 3003 689 3080; x_wconf 86' lang='lat' dir='ltr'>id,</span> <span class='ocrx_word' id='word_1_223' title='bbox 727 3003 815 3087; x_wconf 82' lang='lat' dir='ltr'>qnod</span> <span class='ocrx_word' id='word_1_224' title='bbox 844 3025 930 3068; x_wconf 80' lang='lat' dir='ltr'>nexu</span> <span class='ocrx_word' id='word_1_225' title='bbox 960 3002 1046 3067; x_wconf 86' lang='lat' dir='ltr'>inter</span> <span class='ocrx_word' id='word_1_226' title='bbox 1075 2997 1222 3088; x_wconf 86' lang='lat' dir='ltr'>protasia</span> 
     </span>
     <span class='ocr_line' id='line_1_28' title="bbox 110 3103 1223 3192; baseline -0.001 -22"><span class='ocrx_word' id='word_1_227' title='bbox 110 3111 145 3172; x_wconf 86' lang='lat' dir='ltr'>et</span> <span class='ocrx_word' id='word_1_228' title='bbox 167 3107 325 3192; x_wconf 68' lang='lat' dir='ltr'>spodosin</span> <span class='ocrx_word' id='word_1_229' title='bbox 348 3130 458 3172; x_wconf 85' lang='lat' dir='ltr'>verum</span> <span class='ocrx_word' id='word_1_230' title='bbox 482 3109 638 3184; x_wconf 60' lang='lat' dir='ltr'>officiium</span> <span class='ocrx_word' id='word_1_231' title='bbox 661 3129 765 3192; x_wconf 89' lang='lat' dir='ltr'>neque</span> <span class='ocrx_word' id='word_1_232' title='bbox 787 3110 893 3173; x_wconf 88' lang='lat' dir='ltr'>minus</span> <span class='ocrx_word' id='word_1_233' title='bbox 910 3107 1020 3177; x_wconf 86' lang='lat' dir='ltr'>eadem</span> <span class='ocrx_word' id='word_1_234' title='bbox 1043 3105 1098 3169; x_wconf 87' lang='lat' dir='ltr'>illa</span> <span class='ocrx_word' id='word_1_235' title='bbox 1120 3103 1223 3186; x_wconf 85' lang='lat' dir='ltr'>liquet</span> 
     </span>
     <span class='ocr_line' id='line_1_29' title="bbox 110 3207 1222 3300; baseline 0 -26"><span class='ocrx_word' id='word_1_236' title='bbox 110 3212 324 3278; x_wconf 72' lang='lat' dir='ltr'>salbianctivis</span> <span class='ocrx_word' id='word_1_237' title='bbox 337 3211 493 3279; x_wconf 81' lang='lat' dir='ltr'>absolutis</span> <span class='ocrx_word' id='word_1_238' title='bbox 509 3220 558 3290; x_wconf 88' lang='lat' dir='ltr'>‚ut</span> <span class='ocrx_word' id='word_1_239' title='bbox 568 3252 613 3262; x_wconf 92' lang='lat'>—-</span> <span class='ocrx_word' id='word_1_240' title='bbox 624 3215 795 3300; x_wconf 64' lang='lat' dir='ltr'>adsignet,</span> <span class='ocrx_word' id='word_1_241' title='bbox 810 3214 911 3298; x_wconf 82' lang='lat' dir='ltr'>(‚dase</span> <span class='ocrx_word' id='word_1_242' title='bbox 923 3235 958 3278; x_wconf 81' lang='lat' dir='ltr'>er</span> <span class='ocrx_word' id='word_1_243' title='bbox 968 3248 1012 3262; x_wconf 83' lang='lat'>—-</span> <span class='ocrx_word' id='word_1_244' title='bbox 1023 3207 1222 3277; x_wconf 80' lang='lat' dir='ltr'>euschreibe‘</span> 
     </span>
     <span class='ocr_line' id='line_1_30' title="bbox 109 3314 1223 3407; baseline -0.004 -25"><span class='ocrx_word' id='word_1_245' title='bbox 109 3339 176 3382; x_wconf 87' lang='lat' dir='ltr'>uon</span> <span class='ocrx_word' id='word_1_246' title='bbox 197 3355 242 3368; x_wconf 85' lang='lat'>——</span> <span class='ocrx_word' id='word_1_247' title='bbox 265 3318 486 3394; x_wconf 78' lang='lat' dir='ltr'>‚auschreiben</span> <span class='ocrx_word' id='word_1_248' title='bbox 502 3322 648 3404; x_wconf 70' lang='lat' dir='ltr'>atinde),</span> <span class='ocrx_word' id='word_1_249' title='bbox 672 3321 771 3407; x_wconf 82' lang='lat' dir='ltr'>‚quod</span> <span class='ocrx_word' id='word_1_250' title='bbox 785 3359 830 3370; x_wconf 89' lang='lat'><em>-</em></span> <span class='ocrx_word' id='word_1_251' title='bbox 845 3317 1049 3403; x_wconf 85' lang='lat' dir='ltr'>deliquerint‘</span> <span class='ocrx_word' id='word_1_252' title='bbox 1071 3314 1162 3401; x_wconf 59' lang='lat' dir='ltr'>(aas</span> <span class='ocrx_word' id='word_1_253' title='bbox 1176 3350 1223 3363; x_wconf 90' lang='grc'>--</span> 
     </span>
     <span class='ocr_line' id='line_1_31' title="bbox 109 3417 1220 3508; baseline -0.002 -22"><span class='ocrx_word' id='word_1_254' title='bbox 109 3422 308 3490; x_wconf 81' lang='lat' dir='ltr'>verbrocheu</span> <span class='ocrx_word' id='word_1_255' title='bbox 331 3424 457 3490; x_wconf 72' lang='lat' dir='ltr'>hatten</span> <span class='ocrx_word' id='word_1_256' title='bbox 479 3449 543 3490; x_wconf 87' lang='lat' dir='ltr'>uon</span> <span class='ocrx_word' id='word_1_257' title='bbox 571 3464 608 3476; x_wconf 86' lang='lat'>-</span> <span class='ocrx_word' id='word_1_258' title='bbox 633 3426 749 3502; x_wconf 88' lang='lat' dir='ltr'>,haben</span> <span class='ocrx_word' id='word_1_259' title='bbox 774 3427 914 3492; x_wconf 85' lang='lat' dir='ltr'>wiirden‘</span> <span class='ocrx_word' id='word_1_260' title='bbox 937 3423 976 3491; x_wconf 87' lang='lat' dir='ltr'>cf.</span> <span class='ocrx_word' id='word_1_261' title='bbox 1000 3444 1100 3508; x_wconf 82' lang='lat' dir='ltr'>supra</span> <span class='ocrx_word' id='word_1_262' title='bbox 1116 3444 1144 3486; x_wconf 88' lang='lat' dir='ltr'>o.</span> <span class='ocrx_word' id='word_1_263' title='bbox 1165 3417 1220 3506; x_wconf 65' lang='lat' dir='ltr'>V)</span> 
     </span>
     <span class='ocr_line' id='line_1_32' title="bbox 109 3528 1221 3619; baseline -0.002 -27"><span class='ocrx_word' id='word_1_264' title='bbox 109 3528 232 3594; x_wconf 77' lang='lat' dir='ltr'>Totum</span> <span class='ocrx_word' id='word_1_265' title='bbox 257 3531 354 3594; x_wconf 87' lang='lat' dir='ltr'>etiam</span> <span class='ocrx_word' id='word_1_266' title='bbox 372 3532 484 3596; x_wconf 87' lang='lat' dir='ltr'>melius</span> <span class='ocrx_word' id='word_1_267' title='bbox 500 3531 701 3619; x_wconf 84' lang='lat' dir='ltr'>intelligitur,</span> <span class='ocrx_word' id='word_1_268' title='bbox 725 3533 751 3597; x_wconf 85' lang='lat' dir='ltr'>si</span> <span class='ocrx_word' id='word_1_269' title='bbox 774 3532 922 3618; x_wconf 79' lang='lat' dir='ltr'>protasio</span> <span class='ocrx_word' id='word_1_270' title='bbox 942 3528 1073 3595; x_wconf 89' lang='lat' dir='ltr'>induas</span> <span class='ocrx_word' id='word_1_271' title='bbox 1096 3530 1221 3593; x_wconf 86' lang='lat' dir='ltr'>senten·</span> 
     </span>
     <span class='ocr_line' id='line_1_33' title="bbox 110 3635 1222 3723; baseline 0 -27"><span class='ocrx_word' id='word_1_272' title='bbox 110 3635 173 3698; x_wconf 86' lang='lat' dir='ltr'>tias</span> <span class='ocrx_word' id='word_1_273' title='bbox 195 3635 370 3700; x_wconf 86' lang='lat' dir='ltr'>dividimus</span> <span class='ocrx_word' id='word_1_274' title='bbox 392 3637 466 3702; x_wconf 73' lang='lat' dir='ltr'>base</span> <span class='ocrx_word' id='word_1_275' title='bbox 487 3676 532 3687; x_wconf 87' lang='lat'>-—</span> <span class='ocrx_word' id='word_1_276' title='bbox 554 3637 604 3713; x_wconf 86' lang='lat' dir='ltr'>,Si</span> <span class='ocrx_word' id='word_1_277' title='bbox 631 3638 800 3709; x_wconf 86' lang='lat' dir='ltr'>consilium</span> <span class='ocrx_word' id='word_1_278' title='bbox 830 3637 1034 3723; x_wconf 84' lang='lat' dir='ltr'>propositum</span> <span class='ocrx_word' id='word_1_279' title='bbox 1066 3650 1222 3720; x_wconf 75' lang='lat' dir='ltr'>prospere</span> 
     </span>
     <span class='ocr_line' id='line_1_34' title="bbox 108 3738 1220 3830; baseline -0.003 -25"><span class='ocrx_word' id='word_1_280' title='bbox 108 3741 259 3807; x_wconf 77' lang='lat' dir='ltr'>cessisset</span> <span class='ocrx_word' id='word_1_281' title='bbox 281 3747 368 3823; x_wconf 87' lang='lat' dir='ltr'>(cum</span> <span class='ocrx_word' id='word_1_282' title='bbox 390 3744 589 3830; x_wconf 82' lang='lat' dir='ltr'>cogitatione</span> <span class='ocrx_word' id='word_1_283' title='bbox 611 3744 746 3821; x_wconf 84' lang='lat' dir='ltr'>subiecti</span> <span class='ocrx_word' id='word_1_284' title='bbox 768 3741 1130 3826; x_wconf 62' lang='lat' dir='ltr'>loquentisdesevenlu,</span> <span class='ocrx_word' id='word_1_285' title='bbox 1154 3738 1220 3803; x_wconf 68' lang='lat' dir='ltr'>dire</span> 
     </span>
     <span class='ocr_line' id='line_1_35' title="bbox 108 3843 1221 3936; baseline 0.001 -27"><span class='ocrx_word' id='word_1_286' title='bbox 108 3847 157 3921; x_wconf 82' lang='lat' dir='ltr'>‚si</span> <span class='ocrx_word' id='word_1_287' title='bbox 173 3882 219 3895; x_wconf 88' lang='lat'>-··</span> <span class='ocrx_word' id='word_1_288' title='bbox 244 3847 418 3934; x_wconf 70' lang='lat' dir='ltr'>cesserit),</span> <span class='ocrx_word' id='word_1_289' title='bbox 445 3851 602 3933; x_wconf 86' lang='lat' dir='ltr'>quoniam·</span> <span class='ocrx_word' id='word_1_290' title='bbox 626 3848 726 3936; x_wconf 88' lang='lat' dir='ltr'>(tum)</span> <span class='ocrx_word' id='word_1_291' title='bbox 752 3847 923 3934; x_wconf 81' lang='lat' dir='ltr'>naufragio</span> <span class='ocrx_word' id='word_1_292' title='bbox 952 3849 1133 3932; x_wconf 84' lang='lat' dir='ltr'>intercepta</span> <span class='ocrx_word' id='word_1_293' title='bbox 1162 3843 1221 3910; x_wconf 85' lang='lat' dir='ltr'>sit</span> 
     </span>
     <span class='ocr_line' id='line_1_36' title="bbox 104 3951 1221 4047; baseline 0.015 -33"><span class='ocrx_word' id='word_1_294' title='bbox 104 3951 192 4034; x_wconf 72' lang='lat' dir='ltr'>(dire</span> <span class='ocrx_word' id='word_1_295' title='bbox 213 3990 259 4002; x_wconf 94' lang='grc'>-</span> <span class='ocrx_word' id='word_1_296' title='bbox 279 3958 374 4038; x_wconf 78' lang='lat' dir='ltr'>‚est‘)‚</span> <span class='ocrx_word' id='word_1_297' title='bbox 397 3970 492 4040; x_wconf 87' lang='lat' dir='ltr'>quem</span> <span class='ocrx_word' id='word_1_298' title='bbox 516 3956 598 4022; x_wconf 83' lang='lat' dir='ltr'>adso</span> <span class='ocrx_word' id='word_1_299' title='bbox 619 3957 741 4040; x_wconf 87' lang='lat' dir='ltr'>iniqum</span> <span class='ocrx_word' id='word_1_300' title='bbox 762 3966 826 4023; x_wconf 87' lang='lat'>·-.‘</span> <span class='ocrx_word' id='word_1_301' title='bbox 871 3954 975 4047; x_wconf 79' lang='lat' dir='ltr'>Simili</span> <span class='ocrx_word' id='word_1_302' title='bbox 997 3954 1133 4029; x_wconf 60' lang='lat' dir='ltr'>rulime»</span> <span class='ocrx_word' id='word_1_303' title='bbox 1156 3972 1221 4034; x_wconf 86' lang='lat' dir='ltr'>qua</span> 
     </span>
     <span class='ocr_line' id='line_1_37' title="bbox 106 4057 1220 4148; baseline -0.001 -28"><span class='ocrx_word' id='word_1_304' title='bbox 106 4057 142 4121; x_wconf 89' lang='lat' dir='ltr'>iu</span> <span class='ocrx_word' id='word_1_305' title='bbox 165 4058 320 4145; x_wconf 79' lang='lat' dir='ltr'>exemplis</span> <span class='ocrx_word' id='word_1_306' title='bbox 342 4065 419 4125; x_wconf 78' lang='lat' dir='ltr'>ente</span> <span class='ocrx_word' id='word_1_307' title='bbox 441 4062 559 4139; x_wconf 82' lang='lat' dir='ltr'>allatis,</span> <span class='ocrx_word' id='word_1_308' title='bbox 580 4063 669 4148; x_wconf 86' lang='lat' dir='ltr'>prins</span> <span class='ocrx_word' id='word_1_309' title='bbox 695 4063 927 4128; x_wconf 82' lang='lat' dir='ltr'>sententiarum</span> <span class='ocrx_word' id='word_1_310' title='bbox 956 4059 1220 4128; x_wconf 85' lang='lat' dir='ltr'>conditionalium</span> 
     </span>
    </p>
   </div>
   <div class='ocr_carea' id='block_1_3' title="bbox 0 0 1340 4508">
    <p class='ocr_par' dir='ltr' id='par_1_3' title="bbox 0 0 1340 4508">
     <span class='ocr_line' id='line_1_38' title="bbox 0 0 1340 4508; baseline 0 2"><span class='ocrx_word' id='word_1_311' title='bbox 0 0 1340 4508; x_wconf 95' lang='lat' dir='ltr'> </span> 
     </span>
    </p>
   </div>
  </div>
 </body>
</html>
