2670 4508
677 188 718 247 Ἠ

147 389 362 459 Germanicus
384 390 426 456 de
447 413 482 458 re
504 392 568 461 iarn
590 397 736 478 experta,
759 414 863 477 neque
883 393 985 480 igitur
1000 397 1164 464 scatentia
1178 419 1260 464 cou-

33 554 34 557 ,
146 497 292 564 ditionali
315 497 473 564 incertum
494 497 617 582 aliquid
638 499 688 564 vel
717 498 865 565 futurum
888 501 1032 586 ponitur.
1083 501 1166 590 (Cf,
1183 526 1257 573 ann.

141 603 227 678 Ἰ,’6.
253 602 415 682 1a;X11,
443 610 505 685 10).
535 601 680 669 Omnino
695 605 786 691 prius
800 604 879 670 illud
894 626 997 691 genus
1020 609 1257 674 sententiarum

147 708 409 777 conditionalium
426 715 538 796 aptum
562 714 612 775 est
632 708 688 789 ibi,
711 708 766 774 ubi
787 710 821 774 id
838 713 968 776 tantum
983 712 1145 798 loquentis
1160 715 1258 779 inter·

146 821 213 890 est,
243 819 282 879 ut
303 820 460 902 appareat
481 830 583 878 nexus
603 814 757 890 causalis,
787 838 852 900 quo
882 818 1030 903 protasia·
1046 823 1078 882 ct
1102 820 1258 904 apodosir

146 907 324 991 necessario
352 919 563 996 cohaereant,
595 920 628 985 id
658 943 752 997 vero,
781 926 892 986 utrum
922 945 1034 988 verum
1057 925 1102 988 sit
1124 925 1175 990 uel
1197 926 1258 991 aar

146 1049 254 1101 necne,
279 1025 367 1111 quod
389 1027 548 1092 sententia
571 1026 777 1091 conditionali
801 1028 952 1113 ponitur,
981 1029 1088 1112 minus
1111 1035 1256 1100 curatur.

146 1132 230 1198 Tum
254 1132 425 1218 singularis
447 1132 605 1216 quaedam
628 1133 676 1197 vis
699 1133 952 1198 adseveratiouis
978 1134 1096 1200 cadere
1117 1135 1204 1202 solet
1220 1138 1256 1202 iu

145 1237 321 1324 apoduein3
353 1239 443 1302 cuius
467 1238 586 1302 veritas
609 1243 648 1302 ut
666 1237 1033 1315 ,efficaciusindicetum
1064 1240 1256 1328 simpliciter

147 1366 207 1431 pro
230 1367 307 1410 vero
330 1345 462 1430 ponitur
484 1342 572 1418 illud,
596 1365 636 1407 cx
658 1344 749 1409 culus
772 1344 910 1410 veritate
925 1345 980 1411 illa
995 1347 1124 1431 pendet.
1163 1347 1257 1413 Eius·

147 1450 234 1516 modi
256 1448 404 1536 exempla
426 1451 504 1513 aunt
527 1448 619 1514 haee:
642 1449 725 1516 Anu.
746 1449 847 1525 XVl,
873 1457 929 1515 aa:
952 1450 1111 1538 (Thrasea
1133 1453 1257 1519 incuaa

146 1559 231 1634 rua:
253 1593 298 1604 —-
319 1552 551 1630 ,Secessionem
574 1556 638 1619 iam
661 1555 751 1620 idat
773 1557 900 1642 partes,
929 1562 981 1633 et,
1004 1559 1031 1622 si
1053 1558 1138 1623 idem
1162 1560 1256 1624 multi

146 1660 297 1737 audeant,
314 1659 431 1725 bellum
447 1671 536 1729 esse.‘
566 1661 678 1726 Minus
699 1662 733 1725 id
756 1663 866 1748 agitur
888 1663 950 1728 hoc
971 1662 1053 1738 loco,
1076 1687 1154 1728 num
1169 1662 1257 1731 forte

146 1789 258 1832 verum
288 1766 349 1830 liat
374 1766 423 1842 id,
460 1767 548 1851 quod
575 1768 736 1832 sententia
773 1768 981 1834 conditionali
1012 1770 1163 1856 ponitur,
1198 1772 1256 1836 sed

148 1894 298 1960 praesens
321 1893 430 1937 rerum
454 1876 559 1938 status
581 1872 685 1956 qualis
706 1874 766 1945 ¹ait
810 1872 903 1960 (Dira
925 1911 971 1922 -
991 1876 1030 1952 ,ai
1053 1875 1138 1939 idem
1162 1875 1256 1942 multi

146 1978 276 2053 audent,
301 1977 419 2047 bellum
442 1977 526 2064 est‘).
573 1978 661 2045 Hiat.
679 1979 705 2055 l,
731 1973 791 2044 32:
813 2016 858 2028 -
880 1979 1040 2065 ,Denique
1056 1981 1153 2045 eundi
1168 1981 1257 2047 ultro

131 2070 174 2148 ⁴si
190 2085 274 2148 ratio
298 2085 350 2161 sit,
374 2084 507 2149 eandem
529 2107 605 2148 mox
626 2084 824 2159 facultatem,
846 2107 1012 2171 regressus
1036 2087 1062 2150 si
1079 2088 1256 2172 paeniteat,

146 2191 179 2255 in
202 2190 305 2255 aliena
325 2193 512 2276 potestatc.‘
556 2191 620 2269 lll,
646 2197 704 2256 20:
727 2226 772 2238 —-
795 2188 894 2266 ,Nom
918 2192 945 2255 si
970 2195 1104 2277 pateant
1128 2197 1255 2279 portae,

145 2296 207 2361 nisi
231 2295 412 2381 explorato,
435 2295 497 2361 nisi
520 2296 573 2361 die
593 2297 804 2362 intrandum&
848 2297 888 2373 V,
915 2304 976 2362 24:
996 2334 1042 2347 ··—
1064 2295 1111 2374 ,Si
1135 2297 1258 2384 Vespa

147 2403 237 2469 siano
267 2400 385 2467 bellum
416 2402 617 2476 narraverint,
650 2402 886 2488 Vespasianum
917 2425 1025 2466 rerum
1053 2404 1175 2490 potiri;
1206 2406 1257 2470 sin

147 2507 303 2593 populum
326 2508 508 2574 Romanum
533 2508 631 2573 armis
653 2510 786 2582 vocent,
816 2510 951 2590 quotam
980 2513 1107 2594 partam
1130 2511 1258 2595 generis

147 2614 278 2680 humani
299 2613 444 2679 Batavos
465 2636 544 2678 esse.
567 2651 612 2662 -—-
632 2650 678 2662 ·-
701 2614 844 2679 Ventum
868 2613 910 2677 ad
931 2620 1094 2690 extrema,
1126 2615 1166 2679 ni-
1181 2617 1257 2679 real·

147 2720 270 2805 piscare
299 2719 453 2804 incipiant
482 2723 533 2791 st.
563 2710 651 2784 noxii
682 2720 797 2804 capitis
824 2740 928 2804 picena
958 2721 1189 2805 paenitentiam
1211 2721 1257 2786 fa.

147 2828 301 2890 tenatur!
333 2822 386 2892 Cf.
401 2824 474 2892 hist.
493 2825 518 2901 1,
543 2831 594 2893 33.
613 2832 674 2900 563
696 2825 761 2899 111,
785 2832 822 2902 23
845 2825 904 2900 lV,
930 2833 980 2891 17.
997 2833 1050 2892 76.
1088 2826 1256 2904 Hist-lV,

149 2939 185 2998 t:
209 2969 253 2978 -
275 2930 401 3007 ,Fuisse
424 2930 624 3016 Vespasiano
643 2930 819 2995 amicitiam
844 2952 916 2995 cum
937 2931 1092 3008 Thrasea,
1116 2930 1256 3010 Sorano,

148 3037 277 3113 Senti03
307 3059 445 3121 quorum
469 3041 674 3102 accusatores
696 3038 793 3102 etiam
817 3036 844 3101 si
867 3037 972 3123 puniri
996 3059 1062 3101 non
1092 3042 1256 3121 oporteat,

148 3143 306 3209 ostentari
328 3164 392 3206 non
415 3140 553 3206 dobere!
584 3144 622 3209 ln
645 3144 704 3210 dir.
729 3166 782 3207 or:
805 3179 849 3190 -
865 3142 1004 3217 ,etiamsi
1020 3165 1084 3207 non
1099 3148 1257 3229 oportet‘.

148 3250 223 3316 Hoc
244 3250 376 3336 ponitur
398 3270 458 3333 pro
481 3268 559 3313 vero
580 3272 600 3313 a
627 3249 798 3332 loquente,
829 3253 867 3313 ut
890 3247 987 3312 nihilo
1015 3248 1122 3313 minus
1145 3252 1258 3314 teneat

147 3355 244 3421 illud:
266 3354 434 3431 ,ostentari
457 3360 543 3418 carte
565 3378 628 3420 non
653 3354 793 3422 debent‘
832 3351 884 3417 Cf.
902 3354 947 3427 ll,
971 3360 1034 3418 32..
1056 3353 1257 3431 AnnsXlV,

72 3517 75 3522 .
149 3469 209 3527 61:
234 3459 388 3541 (Octavia
403 3458 543 3525 Neronis
554 3461 672 3526 coniux
688 3464 778 3525 mota
793 3462 864 3523 erat
879 3458 962 3522 civili
980 3458 1124 3534 discidio,
1141 3459 1258 3526 deinde

147 3568 181 3633 ia
211 3565 422 3653 Campaniam
453 3565 563 3653 pulsa,
593 3566 705 3630 addita
734 3565 865 3629 militari
894 3565 1050 3633 custodia.
1103 3565 1260 3652 Poppaea

148 3673 259 3739 iuncta
278 3672 410 3739 Neroni.
458 3671 530 3737 Has
553 3671 596 3736 ob
624 3693 737 3736 causas
759 3670 902 3737 tumultu
928 3677 1060 3747 exorto,
1091 3671 1258 3756 Poppaea,

40 3827 43 3833 .
149 3800 276 3865 semper
296 3779 390 3854 odio,
419 3783 489 3843 tum
513 3782 548 3842 et
569 3783 660 3842 metu
681 3785 794 3851 atrox,
825 3799 866 3842 nc
889 3782 947 3841 aut
969 3776 1059 3862 vulgi
1080 3777 1186 3841 acrior
1207 3776 1259 3841 via

147 3885 323 3970 ingrueret,
340 3890 398 3948 aut
413 3883 503 3967 Naro
517 3884 723 3949 inclinatione
739 3882 850 3969 populi
867 3887 1059 3956 mutaretur,
1083 3881 1260 3968 provoluta

148 3989 284 4076 genibus
307 3991 375 4054 eius
397 4028 443 4038 -
460 3990 511 4053 ita
526 3989 703 4054 lamentata
722 3992 802 4071 est):
822 4027 868 4036 —-
881 3988 1051 4072 ,Denique
1067 3989 1095 4052 si
1112 3987 1144 4052 id
1161 3988 1259 4054 rebua

148 4094 374 4174 conducat,
393 4095 521 4170 libans,
548 4116 647 4180 quam
676 4099 808 4161 aaran
831 4094 950 4159 aomret
980 4094 1259 4174 dominam-(soil.
