<?xml version="1.0" encoding="UTF-8"?>
<!DOCTYPE html PUBLIC "-//W3C//DTD XHTML 1.0 Transitional//EN"
    "http://www.w3.org/TR/xhtml1/DTD/xhtml1-transitional.dtd">
<html xmlns="http://www.w3.org/1999/xhtml" xml:lang="en" lang="en">
 <head>
  <title>
</title>
<meta http-equiv="Content-Type" content="text/html;charset=utf-8" />
  <meta name='ocr-system' content='tesseract 3.04.00' />
  <meta name='ocr-capabilities' content='ocr_page ocr_carea ocr_par ocr_line ocrx_word'/>
</head>
<body>
  <div class='ocr_page' id='page_1' title='image "./deususubiunctiv00huetgoog_0016.png"; bbox 0 0 2670 4508; ppageno 0'>
   <div class='ocr_carea' id='block_1_1' title="bbox 106 127 1226 4112">
    <p class='ocr_par' dir='ltr' id='par_1_1' title="bbox 106 127 1226 2507">
     <span class='ocr_line' id='line_1_1' title="bbox 559 127 739 218; baseline 0 0"><span class='ocrx_word' id='word_1_1' title='bbox 559 127 739 218; x_wconf 50' lang='lat'><strong>-2-</strong></span> 
     </span>
     <span class='ocr_line' id='line_1_2' title="bbox 108 329 1223 413; baseline 0.003 -19"><span class='ocrx_word' id='word_1_2' title='bbox 108 330 268 397; x_wconf 86' lang='lat' dir='ltr'><strong>obicctiva</strong></span> <span class='ocrx_word' id='word_1_3' title='bbox 283 334 317 397; x_wconf 89' lang='lat' dir='ltr'><strong>et</strong></span> <span class='ocrx_word' id='word_1_4' title='bbox 339 329 519 412; x_wconf 81' lang='lat' dir='ltr'><strong>subiectiva</strong></span> <span class='ocrx_word' id='word_1_5' title='bbox 540 331 818 397; x_wconf 85' lang='lat' dir='ltr'><strong>subiunctirorum</strong></span> <span class='ocrx_word' id='word_1_6' title='bbox 835 329 894 402; x_wconf 86' lang='lat' dir='ltr'><strong>vis,</strong></span> <span class='ocrx_word' id='word_1_7' title='bbox 917 330 944 394; x_wconf 89' lang='lat' dir='ltr'><strong>si</strong></span> <span class='ocrx_word' id='word_1_8' title='bbox 960 351 1043 413; x_wconf 79' lang='lat' dir='ltr'><strong>quae</strong></span> <span class='ocrx_word' id='word_1_9' title='bbox 1064 331 1102 399; x_wconf 85' lang='lat' dir='ltr'><strong>iis</strong></span> <span class='ocrx_word' id='word_1_10' title='bbox 1124 331 1223 411; x_wconf 86' lang='lat' dir='ltr'><strong>inest,</strong></span> 
     </span>
     <span class='ocr_line' id='line_1_3' title="bbox 108 419 1222 523; baseline 0.001 -22"><span class='ocrx_word' id='word_1_11' title='bbox 108 439 248 523; x_wconf 76' lang='lat' dir='ltr'><strong>genuina</strong></span> <span class='ocrx_word' id='word_1_12' title='bbox 270 460 308 502; x_wconf 87' lang='lat' dir='ltr'><strong>ac</strong></span> <span class='ocrx_word' id='word_1_13' title='bbox 331 437 494 523; x_wconf 83' lang='lat' dir='ltr'><strong>primaria,</strong></span> <span class='ocrx_word' id='word_1_14' title='bbox 518 460 596 501; x_wconf 87' lang='lat' dir='ltr'><strong>usus</strong></span> <span class='ocrx_word' id='word_1_15' title='bbox 618 460 707 515; x_wconf 89' lang='lat' dir='ltr'><strong>vero,</strong></span> <span class='ocrx_word' id='word_1_16' title='bbox 729 459 769 503; x_wconf 88' lang='lat' dir='ltr'><strong>ex</strong></span> <span class='ocrx_word' id='word_1_17' title='bbox 792 434 857 521; x_wconf 86' lang='lat' dir='ltr'><strong>quo</strong></span> <span class='ocrx_word' id='word_1_18' title='bbox 880 435 1005 502; x_wconf 82' lang='lat' dir='ltr'><strong>relativi</strong></span> <span class='ocrx_word' id='word_1_19' title='bbox 1026 419 1222 503; x_wconf 86' lang='lat' dir='ltr'><strong>subiunctivi</strong></span> 
     </span>
     <span class='ocr_line' id='line_1_4' title="bbox 109 541 1222 630; baseline 0 -22"><span class='ocrx_word' id='word_1_20' title='bbox 109 567 182 608; x_wconf 88' lang='lat' dir='ltr'><strong>curu</strong></span> <span class='ocrx_word' id='word_1_21' title='bbox 208 543 391 630; x_wconf 84' lang='lat' dir='ltr'><strong>praeteritis</strong></span> <span class='ocrx_word' id='word_1_22' title='bbox 415 547 541 608; x_wconf 85' lang='lat' dir='ltr'><strong>tontum</strong></span> <span class='ocrx_word' id='word_1_23' title='bbox 566 542 768 629; x_wconf 76' lang='lat' dir='ltr'><strong>temporibus</strong></span> <span class='ocrx_word' id='word_1_24' title='bbox 784 542 934 630; x_wconf 84' lang='lat' dir='ltr'><strong>coniungi</strong></span> <span class='ocrx_word' id='word_1_25' title='bbox 959 541 1076 619; x_wconf 87' lang='lat' dir='ltr'><strong>solent,</strong></span> <span class='ocrx_word' id='word_1_26' title='bbox 1099 543 1222 608; x_wconf 75' lang='lat' dir='ltr'><strong>derivo·</strong></span> 
     </span>
     <span class='ocr_line' id='line_1_5' title="bbox 109 646 1226 734; baseline 0.003 -21"><span class='ocrx_word' id='word_1_27' title='bbox 109 654 165 713; x_wconf 87' lang='lat' dir='ltr'><strong>tus</strong></span> <span class='ocrx_word' id='word_1_28' title='bbox 187 654 252 726; x_wconf 80' lang='lat' dir='ltr'><strong>cst3</strong></span> <span class='ocrx_word' id='word_1_29' title='bbox 266 650 374 714; x_wconf 66' lang='lat' dir='ltr'><strong>‚immo</strong></span> <span class='ocrx_word' id='word_1_30' title='bbox 397 647 589 734; x_wconf 80' lang='lat' dir='ltr'><strong>significatio</strong></span> <span class='ocrx_word' id='word_1_31' title='bbox 612 653 805 733; x_wconf 87' lang='lat' dir='ltr'><strong>temporum,</strong></span> <span class='ocrx_word' id='word_1_32' title='bbox 830 646 1003 732; x_wconf 83' lang='lat' dir='ltr'><strong>exquibus</strong></span> <span class='ocrx_word' id='word_1_33' title='bbox 1026 648 1156 712; x_wconf 85' lang='lat' dir='ltr'><strong>uomina</strong></span> <span class='ocrx_word' id='word_1_34' title='bbox 1172 670 1226 715; x_wconf 73' lang='lat' dir='ltr'><strong>cer</strong></span> 
     </span>
     <span class='ocr_line' id='line_1_6' title="bbox 109 752 1224 840; baseline 0 -22"><span class='ocrx_word' id='word_1_35' title='bbox 109 759 228 840; x_wconf 88' lang='lat' dir='ltr'><strong>peruut</strong></span> <span class='ocrx_word' id='word_1_36' title='bbox 250 753 445 823; x_wconf 77' lang='lat' dir='ltr'><strong>subiunctivi</strong></span> <span class='ocrx_word' id='word_1_37' title='bbox 466 754 677 838; x_wconf 85' lang='lat' dir='ltr'><strong>(praesentis,</strong></span> <span class='ocrx_word' id='word_1_38' title='bbox 708 753 888 839; x_wconf 78' lang='lat' dir='ltr'><strong>imperfecti</strong></span> <span class='ocrx_word' id='word_1_39' title='bbox 910 752 1005 840; x_wconf 77' lang='lat' dir='ltr'><strong>etc),</strong></span> <span class='ocrx_word' id='word_1_40' title='bbox 1035 758 1152 818; x_wconf 81' lang='lat' dir='ltr'><strong>natura</strong></span> <span class='ocrx_word' id='word_1_41' title='bbox 1182 754 1224 819; x_wconf 81' lang='lat' dir='ltr'><strong>iis</strong></span> 
     </span>
     <span class='ocr_line' id='line_1_7' title="bbox 107 857 1226 945; baseline 0.002 -22"><span class='ocrx_word' id='word_1_42' title='bbox 107 860 209 936; x_wconf 83' lang='lat' dir='ltr'><strong>inest,</strong></span> <span class='ocrx_word' id='word_1_43' title='bbox 230 860 398 942; x_wconf 88' lang='lat' dir='ltr'><strong>omnisque</strong></span> <span class='ocrx_word' id='word_1_44' title='bbox 420 881 532 922; x_wconf 88' lang='lat' dir='ltr'><strong>eorum</strong></span> <span class='ocrx_word' id='word_1_45' title='bbox 554 859 588 923; x_wconf 91' lang='lat' dir='ltr'><strong>in</strong></span> <span class='ocrx_word' id='word_1_46' title='bbox 611 859 722 945; x_wconf 81' lang='lat' dir='ltr'><strong>lingua</strong></span> <span class='ocrx_word' id='word_1_47' title='bbox 744 881 821 925; x_wconf 90' lang='lat' dir='ltr'><strong>usus</strong></span> <span class='ocrx_word' id='word_1_48' title='bbox 844 857 920 922; x_wconf 92' lang='lat' dir='ltr'><strong>inde</strong></span> <span class='ocrx_word' id='word_1_49' title='bbox 941 858 1152 944; x_wconf 84' lang='lat' dir='ltr'><strong>explicandus</strong></span> <span class='ocrx_word' id='word_1_50' title='bbox 1174 864 1226 925; x_wconf 83' lang='lat' dir='ltr'><strong>at·</strong></span> 
     </span>
     <span class='ocr_line' id='line_1_8' title="bbox 108 963 1225 1051; baseline 0.003 -23"><span class='ocrx_word' id='word_1_51' title='bbox 108 987 171 1048; x_wconf 90' lang='lat' dir='ltr'><strong>que</strong></span> <span class='ocrx_word' id='word_1_52' title='bbox 191 964 417 1051; x_wconf 86' lang='lat' dir='ltr'><strong>intelligendus</strong></span> <span class='ocrx_word' id='word_1_53' title='bbox 439 967 498 1041; x_wconf 77' lang='lat' dir='ltr'><strong>est.</strong></span> <span class='ocrx_word' id='word_1_54' title='bbox 522 1001 567 1011; x_wconf 86' lang='lat'><strong>—-</strong></span> <span class='ocrx_word' id='word_1_55' title='bbox 597 963 634 1028; x_wconf 90' lang='lat' dir='ltr'><strong>Si</strong></span> <span class='ocrx_word' id='word_1_56' title='bbox 653 963 837 1029; x_wconf 83' lang='lat' dir='ltr'><strong>Plarrius</strong></span> <span class='ocrx_word' id='word_1_57' title='bbox 859 986 920 1028; x_wconf 88' lang='lat' dir='ltr'><strong>usu</strong></span> <span class='ocrx_word' id='word_1_58' title='bbox 942 964 997 1028; x_wconf 91' lang='lat' dir='ltr'><strong>illo</strong></span> <span class='ocrx_word' id='word_1_59' title='bbox 1018 965 1225 1050; x_wconf 70' lang='lat' dir='ltr'><strong>germanicae</strong></span> 
     </span>
     <span class='ocr_line' id='line_1_9' title="bbox 106 1068 1224 1157; baseline 0.002 -24"><span class='ocrx_word' id='word_1_60' title='bbox 106 1070 246 1156; x_wconf 78' lang='lat' dir='ltr'><strong>linguae,</strong></span> <span class='ocrx_word' id='word_1_61' title='bbox 267 1071 379 1154; x_wconf 83' lang='lat' dir='ltr'><strong>inqua</strong></span> <span class='ocrx_word' id='word_1_62' title='bbox 402 1072 479 1155; x_wconf 84' lang='lat' dir='ltr'><strong>post</strong></span> <span class='ocrx_word' id='word_1_63' title='bbox 499 1069 606 1155; x_wconf 88' lang='lat' dir='ltr'><strong>ipsum</strong></span> <span class='ocrx_word' id='word_1_64' title='bbox 630 1072 760 1156; x_wconf 85' lang='lat' dir='ltr'><strong>tempus</strong></span> <span class='ocrx_word' id='word_1_65' title='bbox 783 1090 935 1157; x_wconf 79' lang='lat' dir='ltr'><strong>praesens</strong></span> <span class='ocrx_word' id='word_1_66' title='bbox 958 1068 1152 1135; x_wconf 87' lang='lat' dir='ltr'><strong>subiunctivi</strong></span> <span class='ocrx_word' id='word_1_67' title='bbox 1176 1092 1224 1135; x_wconf 91' lang='lat' dir='ltr'><strong>re-</strong></span> 
     </span>
     <span class='ocr_line' id='line_1_10' title="bbox 106 1174 1225 1261; baseline 0.004 -24"><span class='ocrx_word' id='word_1_68' title='bbox 106 1175 198 1239; x_wconf 89' lang='lat' dir='ltr'><strong>lativi</strong></span> <span class='ocrx_word' id='word_1_69' title='bbox 221 1175 312 1258; x_wconf 89' lang='lat' dir='ltr'><strong>sequi</strong></span> <span class='ocrx_word' id='word_1_70' title='bbox 327 1175 463 1254; x_wconf 78' lang='lat' dir='ltr'><strong>soleant,</strong></span> <span class='ocrx_word' id='word_1_71' title='bbox 485 1179 683 1261; x_wconf 79' lang='lat' dir='ltr'><strong>argumento</strong></span> <span class='ocrx_word' id='word_1_72' title='bbox 697 1175 876 1241; x_wconf 85' lang='lat' dir='ltr'><strong>sentcntiae</strong></span> <span class='ocrx_word' id='word_1_73' title='bbox 898 1197 975 1240; x_wconf 84' lang='lat' dir='ltr'><strong>suae</strong></span> <span class='ocrx_word' id='word_1_74' title='bbox 998 1176 1112 1252; x_wconf 88' lang='lat' dir='ltr'><strong>utitur,</strong></span> <span class='ocrx_word' id='word_1_75' title='bbox 1136 1174 1225 1247; x_wconf 85' lang='lat' dir='ltr'><strong>hunc</strong></span> 
     </span>
     <span class='ocr_line' id='line_1_11' title="bbox 107 1279 1222 1368; baseline 0.004 -25"><span class='ocrx_word' id='word_1_76' title='bbox 107 1303 236 1364; x_wconf 91' lang='lat' dir='ltr'><strong>quoque</strong></span> <span class='ocrx_word' id='word_1_77' title='bbox 260 1303 354 1345; x_wconf 85' lang='lat' dir='ltr'><strong>usum</strong></span> <span class='ocrx_word' id='word_1_78' title='bbox 376 1280 581 1366; x_wconf 81' lang='lat' dir='ltr'><strong>quggius</strong></span> <span class='ocrx_word' id='word_1_79' title='bbox 603 1279 741 1368; x_wconf 89' lang='lat' dir='ltr'><strong>(,Uebcr</strong></span> <span class='ocrx_word' id='word_1_80' title='bbox 757 1281 819 1346; x_wconf 90' lang='lat' dir='ltr'><strong>den</strong></span> <span class='ocrx_word' id='word_1_81' title='bbox 836 1279 1011 1347; x_wconf 84' lang='lat' dir='ltr'><strong>Gcbrauclr</strong></span> <span class='ocrx_word' id='word_1_82' title='bbox 1027 1281 1086 1347; x_wconf 88' lang='lat' dir='ltr'><strong>der</strong></span> <span class='ocrx_word' id='word_1_83' title='bbox 1108 1281 1222 1347; x_wconf 84' lang='lat' dir='ltr'><strong>Zeiteu</strong></span> 
     </span>
     <span class='ocr_line' id='line_1_12' title="bbox 106 1384 1222 1473; baseline 0.003 -24"><span class='ocrx_word' id='word_1_84' title='bbox 106 1386 139 1450; x_wconf 91' lang='lat' dir='ltr'><strong>in</strong></span> <span class='ocrx_word' id='word_1_85' title='bbox 162 1386 221 1450; x_wconf 90' lang='lat' dir='ltr'><strong>der</strong></span> <span class='ocrx_word' id='word_1_86' title='bbox 243 1386 419 1451; x_wconf 89' lang='lat' dir='ltr'><strong>indirecten</strong></span> <span class='ocrx_word' id='word_1_87' title='bbox 440 1385 532 1451; x_wconf 86' lang='lat' dir='ltr'><strong>Rede</strong></span> <span class='ocrx_word' id='word_1_88' title='bbox 553 1385 612 1449; x_wconf 88' lang='lat' dir='ltr'><strong>der</strong></span> <span class='ocrx_word' id='word_1_89' title='bbox 634 1385 811 1453; x_wconf 78' lang='lat' dir='ltr'><strong>deutschen</strong></span> <span class='ocrx_word' id='word_1_90' title='bbox 835 1384 1001 1472; x_wconf 86' lang='lat' dir='ltr'><strong>Spracbe‘,</strong></span> <span class='ocrx_word' id='word_1_91' title='bbox 1025 1387 1222 1473; x_wconf 83' lang='lat' dir='ltr'><strong>Programm</strong></span> 
     </span>
     <span class='ocr_line' id='line_1_13' title="bbox 107 1489 1221 1578; baseline 0.002 -23"><span class='ocrx_word' id='word_1_92' title='bbox 107 1491 164 1555; x_wconf 86' lang='lat' dir='ltr'><strong>des</strong></span> <span class='ocrx_word' id='word_1_93' title='bbox 186 1490 393 1578; x_wconf 85' lang='lat' dir='ltr'><strong>Arnsbcrger</strong></span> <span class='ocrx_word' id='word_1_94' title='bbox 416 1489 537 1577; x_wconf 86' lang='lat' dir='ltr'><strong>Gymn.</strong></span> <span class='ocrx_word' id='word_1_95' title='bbox 564 1489 663 1578; x_wconf 80' lang='lat'>1854)</span> <span class='ocrx_word' id='word_1_96' title='bbox 692 1492 735 1556; x_wconf 85' lang='lat' dir='ltr'><strong>ad</strong></span> <span class='ocrx_word' id='word_1_97' title='bbox 756 1492 921 1557; x_wconf 88' lang='lat' dir='ltr'><strong>notionem</strong></span> <span class='ocrx_word' id='word_1_98' title='bbox 943 1491 1221 1559; x_wconf 89' lang='lat' dir='ltr'><strong>subiunctivorum</strong></span> 
     </span>
     <span class='ocr_line' id='line_1_14' title="bbox 108 1595 1223 1684; baseline 0.003 -24"><span class='ocrx_word' id='word_1_99' title='bbox 108 1595 455 1683; x_wconf 22' lang='lat' dir='ltr'><strong>temporalem-quum</strong></span> <span class='ocrx_word' id='word_1_100' title='bbox 480 1597 566 1662; x_wconf 90' lang='lat' dir='ltr'><strong>actio</strong></span> <span class='ocrx_word' id='word_1_101' title='bbox 590 1598 776 1683; x_wconf 85' lang='lat' dir='ltr'><strong>praeterita,</strong></span> <span class='ocrx_word' id='word_1_102' title='bbox 800 1598 827 1661; x_wconf 89' lang='lat' dir='ltr'><strong>si</strong></span> <span class='ocrx_word' id='word_1_103' title='bbox 850 1621 915 1665; x_wconf 91' lang='lat' dir='ltr'><strong>non</strong></span> <span class='ocrx_word' id='word_1_104' title='bbox 930 1597 1037 1664; x_wconf 90' lang='lat' dir='ltr'><strong>verbis</strong></span> <span class='ocrx_word' id='word_1_105' title='bbox 1060 1620 1223 1684; x_wconf 82' lang='lat' dir='ltr'><strong>expressa,</strong></span> 
     </span>
     <span class='ocr_line' id='line_1_15' title="bbox 107 1702 1223 1789; baseline 0.004 -24"><span class='ocrx_word' id='word_1_106' title='bbox 107 1707 215 1766; x_wconf 89' lang='lat' dir='ltr'><strong>tamen</strong></span> <span class='ocrx_word' id='word_1_107' title='bbox 239 1708 345 1767; x_wconf 87' lang='lat' dir='ltr'><strong>mente</strong></span> <span class='ocrx_word' id='word_1_108' title='bbox 367 1703 412 1769; x_wconf 87' lang='lat' dir='ltr'><strong>sit</strong></span> <span class='ocrx_word' id='word_1_109' title='bbox 434 1703 620 1789; x_wconf 78' lang='lat' dir='ltr'><strong>cogitanda,</strong></span> <span class='ocrx_word' id='word_1_110' title='bbox 642 1703 795 1788; x_wconf 76' lang='lat' dir='ltr'><strong>adquam</strong></span> <span class='ocrx_word' id='word_1_111' title='bbox 819 1702 1044 1769; x_wconf 87' lang='lat' dir='ltr'><strong>subiunctivus</strong></span> <span class='ocrx_word' id='word_1_112' title='bbox 1065 1703 1223 1769; x_wconf 84' lang='lat' dir='ltr'><strong>relat-ivus</strong></span> 
     </span>
     <span class='ocr_line' id='line_1_16' title="bbox 107 1807 1222 1893; baseline 0.002 -20"><span class='ocrx_word' id='word_1_113' title='bbox 107 1809 151 1873; x_wconf 87' lang='lat' dir='ltr'><strong>sit</strong></span> <span class='ocrx_word' id='word_1_114' title='bbox 166 1807 590 1893; x_wconf 69' lang='lat' dir='ltr'><strong>referendus-revocandum</strong></span> <span class='ocrx_word' id='word_1_115' title='bbox 608 1831 677 1873; x_wconf 89' lang='lat' dir='ltr'><strong>esse</strong></span> <span class='ocrx_word' id='word_1_116' title='bbox 693 1809 814 1876; x_wconf 91' lang='lat' dir='ltr'><strong>docuit.</strong></span> <span class='ocrx_word' id='word_1_117' title='bbox 849 1809 939 1873; x_wconf 90' lang='lat' dir='ltr'><strong>ldem</strong></span> <span class='ocrx_word' id='word_1_118' title='bbox 963 1808 1222 1875; x_wconf 78' lang='lat' dir='ltr'><strong>Rarnshornic</strong></span> 
     </span>
     <span class='ocr_line' id='line_1_17' title="bbox 107 1912 1223 2002; baseline 0.004 -26"><span class='ocrx_word' id='word_1_119' title='bbox 107 1913 178 2001; x_wconf 87' lang='lat' dir='ltr'><strong>(lat</strong></span> <span class='ocrx_word' id='word_1_120' title='bbox 195 1912 431 2000; x_wconf 86' lang='lat' dir='ltr'><strong>Schulgramm.</strong></span> <span class='ocrx_word' id='word_1_121' title='bbox 459 1917 486 1999; x_wconf 64' lang='grc' dir='ltr'><strong>ξ.</strong></span> <span class='ocrx_word' id='word_1_122' title='bbox 505 1921 578 1992; x_wconf 85' lang='grc'>116,</span> <span class='ocrx_word' id='word_1_123' title='bbox 603 1922 632 1990; x_wconf 79' lang='grc'><strong>2,</strong></span> <span class='ocrx_word' id='word_1_124' title='bbox 655 1913 698 2002; x_wconf 84' lang='lat' dir='ltr'><strong>c.)</strong></span> <span class='ocrx_word' id='word_1_125' title='bbox 720 1914 907 1990; x_wconf 82' lang='lat' dir='ltr'><strong>assentiens,</strong></span> <span class='ocrx_word' id='word_1_126' title='bbox 928 1915 962 1978; x_wconf 91' lang='lat' dir='ltr'><strong>in</strong></span> <span class='ocrx_word' id='word_1_127' title='bbox 984 1913 1166 2000; x_wconf 83' lang='lat' dir='ltr'><strong>imperfecti</strong></span> <span class='ocrx_word' id='word_1_128' title='bbox 1189 1918 1223 1981; x_wconf 88' lang='lat' dir='ltr'><strong>et</strong></span> 
     </span>
     <span class='ocr_line' id='line_1_18' title="bbox 107 2017 1222 2106; baseline 0.003 -24"><span class='ocrx_word' id='word_1_129' title='bbox 107 2017 417 2106; x_wconf 83' lang='lat' dir='ltr'><strong>plusquamperfecti</strong></span> <span class='ocrx_word' id='word_1_130' title='bbox 433 2020 668 2096; x_wconf 83' lang='lat' dir='ltr'><strong>coniunctivis,</strong></span> <span class='ocrx_word' id='word_1_131' title='bbox 700 2018 755 2084; x_wconf 92' lang='lat' dir='ltr'><strong>ubi</strong></span> <span class='ocrx_word' id='word_1_132' title='bbox 778 2020 810 2083; x_wconf 92' lang='lat' dir='ltr'><strong>iu</strong></span> <span class='ocrx_word' id='word_1_133' title='bbox 833 2019 958 2084; x_wconf 89' lang='lat' dir='ltr'><strong>directa</strong></span> <span class='ocrx_word' id='word_1_134' title='bbox 986 2019 1132 2085; x_wconf 86' lang='lat' dir='ltr'><strong>oratioue</strong></span> <span class='ocrx_word' id='word_1_135' title='bbox 1154 2042 1222 2085; x_wconf 87' lang='lat' dir='ltr'><strong>sen·</strong></span> 
     </span>
     <span class='ocr_line' id='line_1_19' title="bbox 107 2123 1220 2210; baseline 0.004 -23"><span class='ocrx_word' id='word_1_136' title='bbox 107 2125 219 2188; x_wconf 89' lang='lat' dir='ltr'><strong>tentiis</strong></span> <span class='ocrx_word' id='word_1_137' title='bbox 241 2125 528 2205; x_wconf 79' lang='lat' dir='ltr'><strong>conditionalibus,</strong></span> <span class='ocrx_word' id='word_1_138' title='bbox 559 2126 662 2209; x_wconf 88' lang='lat' dir='ltr'><strong>iisque</strong></span> <span class='ocrx_word' id='word_1_139' title='bbox 685 2123 802 2208; x_wconf 86' lang='lat' dir='ltr'><strong>quibus</strong></span> <span class='ocrx_word' id='word_1_140' title='bbox 825 2128 961 2210; x_wconf 88' lang='lat' dir='ltr'><strong>optatur</strong></span> <span class='ocrx_word' id='word_1_141' title='bbox 983 2124 1121 2210; x_wconf 88' lang='lat' dir='ltr'><strong>aliquid,</strong></span> <span class='ocrx_word' id='word_1_142' title='bbox 1151 2149 1220 2192; x_wconf 87' lang='lat' dir='ltr'><strong>eam</strong></span> 
     </span>
     <span class='ocr_line' id='line_1_20' title="bbox 106 2230 1222 2316; baseline 0.002 -22"><span class='ocrx_word' id='word_1_143' title='bbox 106 2230 245 2295; x_wconf 90' lang='lat' dir='ltr'><strong>induunt</strong></span> <span class='ocrx_word' id='word_1_144' title='bbox 269 2232 333 2298; x_wconf 89' lang='lat' dir='ltr'><strong>vim</strong></span> <span class='ocrx_word' id='word_1_145' title='bbox 358 2236 394 2295; x_wconf 92' lang='lat' dir='ltr'><strong>ut</strong></span> <span class='ocrx_word' id='word_1_146' title='bbox 416 2230 556 2316; x_wconf 86' lang='lat' dir='ltr'><strong>aliquid,</strong></span> <span class='ocrx_word' id='word_1_147' title='bbox 588 2230 674 2315; x_wconf 89' lang='lat' dir='ltr'><strong>quod</strong></span> <span class='ocrx_word' id='word_1_148' title='bbox 697 2254 762 2296; x_wconf 88' lang='lat' dir='ltr'><strong>nou</strong></span> <span class='ocrx_word' id='word_1_149' title='bbox 785 2230 901 2295; x_wconf 80' lang='lat' dir='ltr'><strong>situel</strong></span> <span class='ocrx_word' id='word_1_150' title='bbox 925 2230 1138 2308; x_wconf 85' lang='lat' dir='ltr'><strong>fiatverum,</strong></span> <span class='ocrx_word' id='word_1_151' title='bbox 1170 2255 1222 2298; x_wconf 85' lang='lat' dir='ltr'><strong>ex-</strong></span> 
     </span>
     <span class='ocr_line' id='line_1_21' title="bbox 106 2336 1222 2424; baseline 0.003 -25"><span class='ocrx_word' id='word_1_152' title='bbox 106 2337 259 2424; x_wconf 89' lang='lat' dir='ltr'><strong>primant,</strong></span> <span class='ocrx_word' id='word_1_153' title='bbox 275 2376 319 2384; x_wconf 84' lang='lat'><em>-</em></span> <span class='ocrx_word' id='word_1_154' title='bbox 342 2336 386 2402; x_wconf 92' lang='lat' dir='ltr'><strong>ibi</strong></span> <span class='ocrx_word' id='word_1_155' title='bbox 409 2357 538 2421; x_wconf 89' lang='lat' dir='ltr'><strong>quoque</strong></span> <span class='ocrx_word' id='word_1_156' title='bbox 560 2337 724 2402; x_wconf 86' lang='lat' dir='ltr'><strong>notionem</strong></span> <span class='ocrx_word' id='word_1_157' title='bbox 749 2336 917 2424; x_wconf 86' lang='lat' dir='ltr'><strong>praeteriti</strong></span> <span class='ocrx_word' id='word_1_158' title='bbox 938 2337 1097 2422; x_wconf 89' lang='lat' dir='ltr'><strong>temporis</strong></span> <span class='ocrx_word' id='word_1_159' title='bbox 1119 2337 1222 2402; x_wconf 86' lang='lat' dir='ltr'><strong>latore</strong></span> 
     </span>
     <span class='ocr_line' id='line_1_22' title="bbox 106 2442 283 2507; baseline -0.011 -1"><span class='ocrx_word' id='word_1_160' title='bbox 106 2442 283 2507; x_wconf 79' lang='lat' dir='ltr'><strong>existimat.</strong></span> 
     </span>
    </p>

    <p class='ocr_par' dir='ltr' id='par_1_2' title="bbox 106 2545 1221 4112">
     <span class='ocr_line' id='line_1_23' title="bbox 195 2545 1220 2634; baseline 0 -21"><span class='ocrx_word' id='word_1_161' title='bbox 195 2547 377 2613; x_wconf 87' lang='lat' dir='ltr'><strong>Pfarrlus</strong></span> <span class='ocrx_word' id='word_1_162' title='bbox 392 2545 429 2634; x_wconf 84' lang='lat' dir='ltr'><strong>(l.</strong></span> <span class='ocrx_word' id='word_1_163' title='bbox 442 2570 469 2612; x_wconf 85' lang='lat' dir='ltr'><strong>c.</strong></span> <span class='ocrx_word' id='word_1_164' title='bbox 486 2570 517 2633; x_wconf 88' lang='lat' dir='ltr'><strong>p.</strong></span> <span class='ocrx_word' id='word_1_165' title='bbox 534 2547 589 2633; x_wconf 87' lang='lat'><strong>11)</strong></span> <span class='ocrx_word' id='word_1_166' title='bbox 604 2547 700 2612; x_wconf 83' lang='lat' dir='ltr'><strong>affert</strong></span> <span class='ocrx_word' id='word_1_167' title='bbox 715 2547 819 2612; x_wconf 90' lang='lat' dir='ltr'><strong>locum</strong></span> <span class='ocrx_word' id='word_1_168' title='bbox 833 2569 872 2611; x_wconf 86' lang='lat' dir='ltr'><strong>cx</strong></span> <span class='ocrx_word' id='word_1_169' title='bbox 887 2545 955 2614; x_wconf 89' lang='lat' dir='ltr'><strong>Cic.</strong></span> <span class='ocrx_word' id='word_1_170' title='bbox 969 2569 1034 2611; x_wconf 87' lang='lat' dir='ltr'><strong>sen.</strong></span> <span class='ocrx_word' id='word_1_171' title='bbox 1047 2548 1149 2621; x_wconf 91' lang='lat' dir='ltr'><strong>XXl,</strong></span> <span class='ocrx_word' id='word_1_172' title='bbox 1163 2553 1220 2613; x_wconf 73' lang='lat'><strong>782</strong></span> 
     </span>
     <span class='ocr_line' id='line_1_24' title="bbox 107 2649 1221 2740; baseline 0.001 -23"><span class='ocrx_word' id='word_1_173' title='bbox 107 2651 188 2733; x_wconf 86' lang='lat' dir='ltr'><strong>,(Sic</strong></span> <span class='ocrx_word' id='word_1_174' title='bbox 213 2649 484 2740; x_wconf 84' lang='lat' dir='ltr'><strong>milri·persuasi,)</strong></span> <span class='ocrx_word' id='word_1_175' title='bbox 506 2653 552 2717; x_wconf 90' lang='lat' dir='ltr'><strong>sic</strong></span> <span class='ocrx_word' id='word_1_176' title='bbox 574 2653 696 2727; x_wconf 83' lang='lat' dir='ltr'><strong>sentio,</strong></span> <span class='ocrx_word' id='word_1_177' title='bbox 720 2675 793 2717; x_wconf 89' lang='lat' dir='ltr'><strong>cum</strong></span> <span class='ocrx_word' id='word_1_178' title='bbox 817 2657 911 2717; x_wconf 86' lang='lat' dir='ltr'><strong>tauta</strong></span> <span class='ocrx_word' id='word_1_179' title='bbox 932 2653 1080 2717; x_wconf 85' lang='lat' dir='ltr'><strong>celeritas</strong></span> <span class='ocrx_word' id='word_1_180' title='bbox 1102 2652 1221 2719; x_wconf 83' lang='lat' dir='ltr'><strong>animo</strong></span> 
     </span>
     <span class='ocr_line' id='line_1_25' title="bbox 107 2758 1221 2847; baseline 0.002 -25"><span class='ocrx_word' id='word_1_181' title='bbox 107 2781 179 2822; x_wconf 89' lang='lat' dir='ltr'><strong>rum</strong></span> <span class='ocrx_word' id='word_1_182' title='bbox 211 2759 269 2833; x_wconf 88' lang='lat' dir='ltr'><strong>sit,</strong></span> <span class='ocrx_word' id='word_1_183' title='bbox 300 2764 392 2822; x_wconf 87' lang='lat' dir='ltr'><strong>tanta</strong></span> <span class='ocrx_word' id='word_1_184' title='bbox 423 2758 578 2823; x_wconf 90' lang='lat' dir='ltr'><strong>memoria</strong></span> <span class='ocrx_word' id='word_1_185' title='bbox 601 2758 850 2844; x_wconf 87' lang='lat' dir='ltr'><strong>praeteritorum</strong></span> <span class='ocrx_word' id='word_1_186' title='bbox 875 2758 1125 2843; x_wconf 82' lang='lat' dir='ltr'><strong>futurorumque</strong></span> <span class='ocrx_word' id='word_1_187' title='bbox 1148 2783 1221 2847; x_wconf 90' lang='lat' dir='ltr'><strong>pru-</strong></span> 
     </span>
     <span class='ocr_line' id='line_1_26' title="bbox 107 2863 1220 2951; baseline 0.003 -24"><span class='ocrx_word' id='word_1_188' title='bbox 107 2863 233 2939; x_wconf 83' lang='lat' dir='ltr'><strong>dentia,</strong></span> <span class='ocrx_word' id='word_1_189' title='bbox 259 2867 313 2927; x_wconf 90' lang='lat' dir='ltr'><strong>tot</strong></span> <span class='ocrx_word' id='word_1_190' title='bbox 334 2869 437 2941; x_wconf 85' lang='lat' dir='ltr'><strong>artes,</strong></span> <span class='ocrx_word' id='word_1_191' title='bbox 462 2867 574 2929; x_wconf 84' lang='lat' dir='ltr'><strong>tantae</strong></span> <span class='ocrx_word' id='word_1_192' title='bbox 597 2865 764 2945; x_wconf 83' lang='lat' dir='ltr'><strong>scientiae,</strong></span> <span class='ocrx_word' id='word_1_193' title='bbox 788 2867 839 2928; x_wconf 92' lang='lat' dir='ltr'><strong>tot</strong></span> <span class='ocrx_word' id='word_1_194' title='bbox 861 2864 1004 2928; x_wconf 84' lang='lat' dir='ltr'><strong>iuventa:</strong></span> <span class='ocrx_word' id='word_1_195' title='bbox 1037 2888 1101 2930; x_wconf 90' lang='lat' dir='ltr'><strong>non</strong></span> <span class='ocrx_word' id='word_1_196' title='bbox 1125 2888 1220 2951; x_wconf 88' lang='lat' dir='ltr'><strong>posse</strong></span> 
     </span>
     <span class='ocr_line' id='line_1_27' title="bbox 107 2968 1220 3053; baseline 0.002 -20"><span class='ocrx_word' id='word_1_197' title='bbox 107 2991 176 3033; x_wconf 87' lang='lat' dir='ltr'><strong>eam</strong></span> <span class='ocrx_word' id='word_1_198' title='bbox 195 2973 356 3046; x_wconf 85' lang='lat' dir='ltr'><strong>naturum,</strong></span> <span class='ocrx_word' id='word_1_199' title='bbox 379 2992 529 3053; x_wconf 83' lang='lat' dir='ltr'><strong>quaeres</strong></span> <span class='ocrx_word' id='word_1_200' title='bbox 545 2993 598 3035; x_wconf 84' lang='lat' dir='ltr'><strong>eas</strong></span> <span class='ocrx_word' id='word_1_201' title='bbox 614 2971 789 3044; x_wconf 83' lang='lat' dir='ltr'><strong>contineat,</strong></span> <span class='ocrx_word' id='word_1_202' title='bbox 812 2991 881 3034; x_wconf 89' lang='lat' dir='ltr'><strong>esse</strong></span> <span class='ocrx_word' id='word_1_203' title='bbox 899 2968 1084 3034; x_wconf 80' lang='lat' dir='ltr'><strong>mortalem:</strong></span> <span class='ocrx_word' id='word_1_204' title='bbox 1109 2992 1220 3053; x_wconf 91' lang='lat' dir='ltr'><strong>quum-</strong></span> 
     </span>
     <span class='ocr_line' id='line_1_28' title="bbox 107 3074 1219 3165; baseline 0.002 -26"><span class='ocrx_word' id='word_1_205' title='bbox 107 3097 170 3160; x_wconf 91' lang='lat' dir='ltr'><strong>que</strong></span> <span class='ocrx_word' id='word_1_206' title='bbox 192 3096 321 3160; x_wconf 89' lang='lat' dir='ltr'><strong>semper</strong></span> <span class='ocrx_word' id='word_1_207' title='bbox 342 3075 486 3162; x_wconf 84' lang='lat' dir='ltr'><strong>agitetur</strong></span> <span class='ocrx_word' id='word_1_208' title='bbox 507 3075 633 3139; x_wconf 89' lang='lat' dir='ltr'><strong>animus</strong></span> <span class='ocrx_word' id='word_1_209' title='bbox 657 3098 714 3140; x_wconf 90' lang='lat' dir='ltr'><strong>nec</strong></span> <span class='ocrx_word' id='word_1_210' title='bbox 745 3075 936 3165; x_wconf 86' lang='lat' dir='ltr'><strong>principium</strong></span> <span class='ocrx_word' id='word_1_211' title='bbox 962 3079 1070 3139; x_wconf 89' lang='lat' dir='ltr'><strong>motus</strong></span> <span class='ocrx_word' id='word_1_212' title='bbox 1093 3074 1219 3153; x_wconf 84' lang='lat' dir='ltr'><strong>habeat,</strong></span> 
     </span>
     <span class='ocr_line' id='line_1_29' title="bbox 108 3180 1220 3266; baseline 0.002 -22"><span class='ocrx_word' id='word_1_213' title='bbox 108 3182 183 3264; x_wconf 90' lang='lat' dir='ltr'><strong>quia</strong></span> <span class='ocrx_word' id='word_1_214' title='bbox 206 3202 240 3244; x_wconf 91' lang='lat' dir='ltr'><strong>se</strong></span> <span class='ocrx_word' id='word_1_215' title='bbox 262 3181 331 3266; x_wconf 83' lang='lat' dir='ltr'><strong>ipse</strong></span> <span class='ocrx_word' id='word_1_216' title='bbox 351 3183 497 3257; x_wconf 81' lang='lat' dir='ltr'><strong>moveat3</strong></span> <span class='ocrx_word' id='word_1_217' title='bbox 520 3202 561 3245; x_wconf 92' lang='lat' dir='ltr'><strong>ne</strong></span> <span class='ocrx_word' id='word_1_218' title='bbox 580 3181 675 3245; x_wconf 88' lang='lat' dir='ltr'><strong>linem</strong></span> <span class='ocrx_word' id='word_1_219' title='bbox 700 3180 829 3265; x_wconf 91' lang='lat' dir='ltr'><strong>quidem</strong></span> <span class='ocrx_word' id='word_1_220' title='bbox 853 3181 1039 3246; x_wconf 89' lang='lat' dir='ltr'><strong>habiturum</strong></span> <span class='ocrx_word' id='word_1_221' title='bbox 1063 3203 1132 3245; x_wconf 89' lang='lat' dir='ltr'><strong>esse</strong></span> <span class='ocrx_word' id='word_1_222' title='bbox 1156 3204 1220 3246; x_wconf 81' lang='lat' dir='ltr'><strong>mo</strong></span> 
     </span>
     <span class='ocr_line' id='line_1_30' title="bbox 107 3285 1220 3373; baseline 0 -22"><span class='ocrx_word' id='word_1_223' title='bbox 107 3291 172 3361; x_wconf 88' lang='lat' dir='ltr'><strong>tus,</strong></span> <span class='ocrx_word' id='word_1_224' title='bbox 196 3287 271 3370; x_wconf 83' lang='lat' dir='ltr'><strong>quia</strong></span> <span class='ocrx_word' id='word_1_225' title='bbox 293 3308 456 3370; x_wconf 88' lang='lat' dir='ltr'><strong>uunquam</strong></span> <span class='ocrx_word' id='word_1_226' title='bbox 480 3286 605 3373; x_wconf 82' lang='lat' dir='ltr'><strong>seipse</strong></span> <span class='ocrx_word' id='word_1_227' title='bbox 627 3286 879 3351; x_wconf 88' lang='lat' dir='ltr'><strong>sitrelicturus:</strong></span> <span class='ocrx_word' id='word_1_228' title='bbox 904 3291 937 3350; x_wconf 89' lang='lat' dir='ltr'><strong>et</strong></span> <span class='ocrx_word' id='word_1_229' title='bbox 961 3309 1060 3371; x_wconf 92' lang='lat' dir='ltr'><strong>quum</strong></span> <span class='ocrx_word' id='word_1_230' title='bbox 1084 3285 1220 3372; x_wconf 85' lang='lat' dir='ltr'><strong>simplex</strong></span> 
     </span>
     <span class='ocr_line' id='line_1_31' title="bbox 107 3390 1221 3478; baseline 0.002 -23"><span class='ocrx_word' id='word_1_231' title='bbox 107 3392 204 3455; x_wconf 85' lang='lat' dir='ltr'><strong>animi</strong></span> <span class='ocrx_word' id='word_1_232' title='bbox 221 3397 337 3457; x_wconf 85' lang='lat' dir='ltr'><strong>natura</strong></span> <span class='ocrx_word' id='word_1_233' title='bbox 358 3395 477 3469; x_wconf 89' lang='lat' dir='ltr'><strong>esset,</strong></span> <span class='ocrx_word' id='word_1_234' title='bbox 501 3413 604 3477; x_wconf 90' lang='lat' dir='ltr'><strong>neque</strong></span> <span class='ocrx_word' id='word_1_235' title='bbox 625 3390 789 3457; x_wconf 88' lang='lat' dir='ltr'><strong>haberet</strong></span> <span class='ocrx_word' id='word_1_236' title='bbox 811 3393 842 3456; x_wconf 94' lang='lat' dir='ltr'><strong>in</strong></span> <span class='ocrx_word' id='word_1_237' title='bbox 867 3415 901 3456; x_wconf 89' lang='lat' dir='ltr'><strong>se</strong></span> <span class='ocrx_word' id='word_1_238' title='bbox 916 3393 1092 3477; x_wconf 84' lang='lat' dir='ltr'><strong>quidquam</strong></span> <span class='ocrx_word' id='word_1_239' title='bbox 1108 3392 1221 3478; x_wconf 86' lang='lat' dir='ltr'><strong>dispar</strong></span> 
     </span>
     <span class='ocr_line' id='line_1_32' title="bbox 107 3483 1220 3584; baseline 0.002 -24"><span class='ocrx_word' id='word_1_240' title='bbox 107 3497 158 3561; x_wconf 83' lang='lat' dir='ltr'><strong>sui</strong></span> <span class='ocrx_word' id='word_1_241' title='bbox 180 3503 278 3582; x_wconf 89' lang='lat' dir='ltr'><strong>atque</strong></span> <span class='ocrx_word' id='word_1_242' title='bbox 295 3498 458 3574; x_wconf 82' lang='lat' dir='ltr'><strong>dissimile,</strong></span> <span class='ocrx_word' id='word_1_243' title='bbox 482 3521 546 3563; x_wconf 88' lang='lat' dir='ltr'><strong>non</strong></span> <span class='ocrx_word' id='word_1_244' title='bbox 567 3519 663 3584; x_wconf 87' lang='lat' dir='ltr'><strong>posse</strong></span> <span class='ocrx_word' id='word_1_245' title='bbox 679 3521 750 3562; x_wconf 89' lang='lat' dir='ltr'><strong>eum</strong></span> <span class='ocrx_word' id='word_1_246' title='bbox 769 3498 883 3574; x_wconf 81' lang='lat' dir='ltr'><strong>dividi3</strong></span> <span class='ocrx_word' id='word_1_247' title='bbox 908 3498 1038 3582; x_wconf 90' lang='lat' dir='ltr'><strong>quodsi</strong></span> <span class='ocrx_word' id='word_1_248' title='bbox 1061 3521 1126 3562; x_wconf 90' lang='lat' dir='ltr'><strong>non</strong></span> <span class='ocrx_word' id='word_1_249' title='bbox 1149 3483 1220 3584; x_wconf 88' lang='lat' dir='ltr'><strong>pos-</strong></span> 
     </span>
     <span class='ocr_line' id='line_1_33' title="bbox 107 3600 1218 3688; baseline 0.001 -22"><span class='ocrx_word' id='word_1_250' title='bbox 107 3604 166 3677; x_wconf 86' lang='lat' dir='ltr'><strong>sit,</strong></span> <span class='ocrx_word' id='word_1_251' title='bbox 197 3626 262 3668; x_wconf 88' lang='lat' dir='ltr'><strong>uou</strong></span> <span class='ocrx_word' id='word_1_252' title='bbox 293 3625 388 3688; x_wconf 86' lang='lat' dir='ltr'><strong>posse</strong></span> <span class='ocrx_word' id='word_1_253' title='bbox 410 3603 563 3678; x_wconf 84' lang='lat' dir='ltr'><strong>interirc.‘</strong></span> <span class='ocrx_word' id='word_1_254' title='bbox 617 3600 683 3668; x_wconf 90' lang='lat' dir='ltr'><strong>Sed</strong></span> <span class='ocrx_word' id='word_1_255' title='bbox 717 3603 779 3668; x_wconf 90' lang='lat' dir='ltr'><strong>hoc</strong></span> <span class='ocrx_word' id='word_1_256' title='bbox 802 3625 931 3687; x_wconf 90' lang='lat' dir='ltr'><strong>quoque</strong></span> <span class='ocrx_word' id='word_1_257' title='bbox 954 3602 1024 3668; x_wconf 90' lang='lat' dir='ltr'><strong>loco</strong></span> <span class='ocrx_word' id='word_1_258' title='bbox 1048 3604 1218 3669; x_wconf 85' lang='lat' dir='ltr'><strong>discrimen</strong></span> 
     </span>
     <span class='ocr_line' id='line_1_34' title="bbox 106 3708 1207 3796; baseline 0.001 -24"><span class='ocrx_word' id='word_1_259' title='bbox 106 3710 191 3772; x_wconf 89' lang='lat' dir='ltr'><strong>inter</strong></span> <span class='ocrx_word' id='word_1_260' title='bbox 213 3708 436 3773; x_wconf 88' lang='lat' dir='ltr'><strong>subiunctivos</strong></span> <span class='ocrx_word' id='word_1_261' title='bbox 459 3709 627 3775; x_wconf 87' lang='lat' dir='ltr'><strong>absolutos</strong></span> <span class='ocrx_word' id='word_1_262' title='bbox 650 3713 684 3773; x_wconf 88' lang='lat' dir='ltr'><strong>et</strong></span> <span class='ocrx_word' id='word_1_263' title='bbox 706 3709 858 3773; x_wconf 82' lang='lat' dir='ltr'><strong>relativos</strong></span> <span class='ocrx_word' id='word_1_264' title='bbox 881 3709 912 3772; x_wconf 92' lang='lat' dir='ltr'><strong>in</strong></span> <span class='ocrx_word' id='word_1_265' title='bbox 937 3708 1108 3796; x_wconf 85' lang='lat' dir='ltr'><strong>temporali</strong></span> <span class='ocrx_word' id='word_1_266' title='bbox 1131 3714 1207 3773; x_wconf 89' lang='lat' dir='ltr'><strong>utro</strong></span> 
     </span>
     <span class='ocr_line' id='line_1_35' title="bbox 106 3812 1218 3901; baseline 0.002 -25"><span class='ocrx_word' id='word_1_267' title='bbox 106 3837 244 3898; x_wconf 88' lang='lat' dir='ltr'><strong>rumque</strong></span> <span class='ocrx_word' id='word_1_268' title='bbox 268 3815 297 3880; x_wconf 89' lang='lat' dir='ltr'><strong>vi</strong></span> <span class='ocrx_word' id='word_1_269' title='bbox 330 3814 472 3900; x_wconf 90' lang='lat' dir='ltr'><strong>positum</strong></span> <span class='ocrx_word' id='word_1_270' title='bbox 495 3817 556 3879; x_wconf 87' lang='lat' dir='ltr'><strong>est.</strong></span> <span class='ocrx_word' id='word_1_271' title='bbox 603 3812 739 3901; x_wconf 90' lang='lat' dir='ltr'><strong>Optime</strong></span> <span class='ocrx_word' id='word_1_272' title='bbox 761 3814 1006 3900; x_wconf 87' lang='lat' dir='ltr'><strong>explicationem</strong></span> <span class='ocrx_word' id='word_1_273' title='bbox 1030 3814 1162 3879; x_wconf 88' lang='lat' dir='ltr'><strong>adiuvat</strong></span> <span class='ocrx_word' id='word_1_274' title='bbox 1184 3814 1218 3878; x_wconf 90' lang='lat' dir='ltr'><strong>il-</strong></span> 
     </span>
     <span class='ocr_line' id='line_1_36' title="bbox 107 3918 1217 4005; baseline 0 -23"><span class='ocrx_word' id='word_1_275' title='bbox 107 3918 177 3996; x_wconf 89' lang='lat' dir='ltr'><strong>lud,</strong></span> <span class='ocrx_word' id='word_1_276' title='bbox 203 3921 289 4005; x_wconf 89' lang='lat' dir='ltr'><strong>quod</strong></span> <span class='ocrx_word' id='word_1_277' title='bbox 312 3922 402 4002; x_wconf 87' lang='lat' dir='ltr'><strong>uncis</strong></span> <span class='ocrx_word' id='word_1_278' title='bbox 424 3920 556 3995; x_wconf 88' lang='lat' dir='ltr'><strong>inclusi,</strong></span> <span class='ocrx_word' id='word_1_279' title='bbox 579 3921 655 4004; x_wconf 88' lang='lat' dir='ltr'><strong>quia</strong></span> <span class='ocrx_word' id='word_1_280' title='bbox 684 3919 867 3985; x_wconf 83' lang='lat' dir='ltr'><strong>Psarrius</strong></span> <span class='ocrx_word' id='word_1_281' title='bbox 890 3943 954 3984; x_wconf 90' lang='lat' dir='ltr'><strong>ncn</strong></span> <span class='ocrx_word' id='word_1_282' title='bbox 977 3920 1071 3985; x_wconf 89' lang='lat' dir='ltr'><strong>simul</strong></span> <span class='ocrx_word' id='word_1_283' title='bbox 1095 3921 1217 3996; x_wconf 82' lang='lat' dir='ltr'><strong>attulit,</strong></span> 
     </span>
     <span class='ocr_line' id='line_1_37' title="bbox 106 4024 1218 4112; baseline 0.002 -24"><span class='ocrx_word' id='word_1_284' title='bbox 106 4024 172 4101; x_wconf 89' lang='lat' dir='ltr'><strong>,Sic</strong></span> <span class='ocrx_word' id='word_1_285' title='bbox 196 4025 273 4089; x_wconf 91' lang='lat' dir='ltr'><strong>mihi</strong></span> <span class='ocrx_word' id='word_1_286' title='bbox 296 4028 464 4112; x_wconf 81' lang='lat' dir='ltr'><strong>persuasi‘</strong></span> <span class='ocrx_word' id='word_1_287' title='bbox 501 4026 577 4093; x_wconf 91' lang='lat' dir='ltr'><strong>Hoc</strong></span> <span class='ocrx_word' id='word_1_288' title='bbox 600 4027 682 4091; x_wconf 87' lang='lat' dir='ltr'><strong>eninr</strong></span> <span class='ocrx_word' id='word_1_289' title='bbox 706 4027 885 4112; x_wconf 65' lang='lat' dir='ltr'><strong>persuasi,</strong></span> <span class='ocrx_word' id='word_1_290' title='bbox 908 4025 983 4091; x_wconf 92' lang='lat' dir='ltr'><strong>licet</strong></span> <span class='ocrx_word' id='word_1_291' title='bbox 1006 4030 1129 4090; x_wconf 83' lang='lat' dir='ltr'><strong>statum</strong></span> <span class='ocrx_word' id='word_1_292' title='bbox 1155 4049 1218 4090; x_wconf 87' lang='lat' dir='ltr'><strong>rna-</strong></span> 
     </span>
    </p>
   </div>
   <div class='ocr_carea' id='block_1_2' title="bbox 0 0 1340 4508">
    <p class='ocr_par' dir='ltr' id='par_1_3' title="bbox 0 0 1340 4508">
     <span class='ocr_line' id='line_1_38' title="bbox 0 0 1340 4508; baseline 0 0"><span class='ocrx_word' id='word_1_293' title='bbox 0 0 1340 4508; x_wconf 95' lang='lat' dir='ltr'><strong> </strong></span> 
     </span>
    </p>
   </div>
  </div>
 </body>
</html>
