2670 4508
110 381 223 468 spicue
246 379 352 464 ipsius·
362 375 508 462 subjecti,
530 377 622 442 cuius
637 376 724 442 dicte
739 379 860 451 narrat,
877 379 1040 462 appareat
1054 375 1225 462 cogitatio,

111 467 222 551 refert.
242 523 289 532 -
669 497 671 502 ’

200 588 325 654 Prioris
348 588 473 674 generis
496 593 572 653 sunt
595 587 742 673 exempla
764 586 859 652 haec:
898 587 984 651 Ann.
1008 587 1069 662 lll,
1095 593 1158 652 33:
1180 624 1224 638 --

112 696 321 782 ‚Cogilarent
342 694 414 780 ipsi,
439 694 587 778 quotiens
608 693 861 779 repetundarum
885 691 983 777 aliqui
1005 713 1225 777 argueren-

111 807 199 874 tur,
229 801 321 887 plura
344 800 500 863 uxoribus
523 797 700 864 obiectari‘
747 799 826 884 Ipso
849 797 905 862 illo
927 797 1119 882 ,cogitarent
1134 798 1224 883 ‘Ipsi‘

111 911 344 973 convertuntur
356 905 554 969 audientium
570 904 667 968 enimi
679 902 719 966 ud
736 903 889 988 exempla
899 902 1058 986 loquentis
1075 907 1231 989 tempore.

111 1013 259 1099 vulgata,
283 1033 324 1076 ex
347 1010 464 1095 quibus
486 1010 576 1075 velut
598 1032 656 1073 sua
678 1010 779 1094 ipsius
801 1029 907 1071 rerum
931 1006 1129 1094 experientia
1151 1007 1224 1071 snb

110 1119 229 1183 iectum
252 1117 385 1201 loquens
409 1115 600 1180 sententiam
623 1114 741 1178 hausit.
763 1144 766 1147 ·
786 1112 913 1194 Qirodsi
928 1114 1112 1199 scripsisset
1133 1114 1224 1178 'Inci-

110 1229 165 1289 tus
190 1223 350 1308 ‚quotiens
374 1258 415 1268 -—
437 1226 628 1307 arguantur‘
655 1225 725 1284 turn
756 1219 850 1283 simul
878 1220 1028 1283 assentiri
1056 1220 1223 1284 videretur

111 1328 289 1394 sententiae
306 1330 435 1390 suomet
450 1327 558 1391 animo
572 1331 746 1412 conceptae
761 1347 801 1390 ex
817 1347 875 1389 sua
887 1348 995 1389 rerum
1012 1325 1221 1411 experientia,

110 1434 144 1498 id
168 1433 406 1520 quodpropter
428 1431 619 1496 antecedens
641 1432 720 1495 illud
740 1430 931 1516 ‚cogitarent
946 1430 1020 1517 ipsi‘
1042 1432 1149 1495 minus
1169 1454 1224 1516 ap

110 1545 182 1605 tum
207 1544 287 1602 erat.
309 1536 378 1618 (CI
396 1561 468 1603 ann.
485 1538 548 1612 Ill,
566 1545 626 1602 69:
652 1573 690 1585 -
709 1537 825 1612 ,Minui
841 1537 921 1609 ium,
938 1535 1221 1621 quotiens-gliscat

110 1649 258 1734 potestas
281 1649 361 1726 -.‘)
406 1644 503 1723 XIV,
529 1650 586 1708 52:
608 1681 654 1691 -—-
676 1642 769 1719 ‚Nam
793 1642 1039 1708 oblectamentis
1066 1643 1221 1728 principis
1267 1690 1269 1693 -

110 1751 216 1838 pnlam
248 1751 391 1833 iniquum
427 1747 627 1838 (Senecam),
656 1749 837 1813 detrectare
867 1747 930 1811 vim
961 1749 1030 1811 eius
1051 1745 1223 1835 (Neronis)

111 1878 211 1941 equos
228 1857 378 1941 regentis,
395 1856 529 1920 illudere
543 1877 647 1930 voces,
660 1856 809 1939 qrrotiens
825 1858 976 1917 caneret.⁴
1007 1853 1069 1929 ill,
1092 1861 1151 1919 33:
1168 1890 1222 1933 ‚-

111 1961 331 2050 pervicacibus
347 1979 350 1985 ·
364 1963 465 2048 magis
487 1967 521 2025 et
542 1960 777 2049 impotentibus
800 1959 968 2023 mulierum
991 1959 1105 2039 iussis,
1139 1981 1222 2044 quae

111 2065 230 2154 Oppiis
261 2068 423 2150 quondam
453 2068 586 2152 aliisque
607 2067 732 2154 legibus
756 2065 973 2143 constrictae,
1002 2086 1088 2129 nunc
1110 2065 1224 2130 vinclis

110 2172 276 2246 exsolutis,
300 2158 425 2246 domos,
449 2172 529 2245 fora,
553 2174 616 2236 ism
640 2178 682 2237 et
696 2171 1044 2256 exereitusregorent.⁶
1086 2169 1219 2244 Histrl,

111 2284 170 2342 se:
193 2315 237 2324 -
260 2275 358 2352 ‚urna
380 2279 413 2341 n
437 2260 605 2341 nisenus
627 2277 773 2341 scissus
794 2276 1003 2340 festinatione
1025 2276 1141 2350 tutius,
1165 2275 1221 2339 nn

109 2381 197 2448 secto
224 2384 344 2469 inagis,
375 2406 470 2468 quam
495 2383 643 2447 consulto
674 2403 756 2467 opus
780 2386 883 2444 esset!
941 2379 1147 2467 Exprimitnr
1170 2381 1225 2446 lric

110 2489 287 2554 subiectivs
303 2490 438 2553 militum
452 2489 673 2553 festinantium
688 2487 807 2573 opinio,
820 2510 883 2572 qua
894 2487 1056 2551 Vitellium
1070 2491 1220 2552 cunctan-

110 2597 177 2658 tem
201 2595 242 2657 ad
265 2599 395 2659 strenue
419 2595 579 2680 egendum
595 2594 813 2659 exstimulant.
860 2592 980 2657 Similis
1004 2596 1054 2656 cst
1075 2592 1166 2657 locus
1187 2594 1219 2656 in

110 2723 183 2764 ann.
206 2699 285 2772 XV,
310 2706 362 2764 59.
409 2699 475 2765 Sed
497 2701 643 2764 diversus
667 2705 716 2764 est
738 2698 826 2763 loeus
849 2699 901 2763 hic
923 2696 998 2762 hist.
1025 2707 1059 2779 1,
1085 2706 1140 2763 21:
1166 2736 1221 2774 ,—

109 2828 168 2869 nec
191 2806 393 2869 cunctatione
418 2829 516 2893 opus,
542 2805 596 2869 ubi
619 2805 828 2892 perniciosior
851 2805 893 2869 sit
916 2806 1022 2890 quies,
1054 2826 1152 2888 quam
1175 2807 1219 2867 tc-

110 2911 264 2974 meritas.‘
302 2910 376 2975 Hoc
400 2912 481 2976 enim
506 2911 577 2975 loco
597 2932 661 2976 non
681 2916 719 2975 ut
740 2910 796 2976 illo
818 2911 977 2976 sententia
993 2909 1126 2974 relative
1149 2933 1220 2974 con-

108 3016 253 3081 tenditur
278 3016 414 3100 aliquid‚
446 3019 502 3081 sed
525 3018 704 3103 explicatur
725 3021 871 3089 tantum,
900 3039 983 3100 quac
1006 3015 1221 3094 subaudiatur

108 3121 141 3186 in
170 3122 330 3185 sententia
358 3123 511 3208 primaria
538 3123 698 3208 particule
721 3122 975 3187 demonstrativa
998 3121 1074 3196 ‚ibin
1097 3118 1166 3208 (cf.
1190 3144 1219 3185 c.

107 3227 162 3295 XI
185 3249 210 3290 s.
234 3225 272 3308 f.)
330 3226 415 3291 llist.
440 3228 507 3309 IV,
541 3236 597 3293 57:
634 3226 748 3293 Civilis
778 3231 811 3291 et
842 3225 1004 3293 Classicus
1035 3228 1151 3293 misere
1178 3229 1220 3292 nd

110 3328 270 3397 Cerialem
287 3331 454 3419 epistolas:
470 3373 515 3382 —
529 3333 786 3420 ‚Vespasianum
803 3355 998 3418 qnnnrquam
1014 3335 1147 3400 nuntios
1168 3358 1221 3400 oc-

108 3437 286 3512 cultarent,
315 3439 488 3503 excessisse
509 3440 599 3503 vita‘
654 3437 751 3503 Falsa
781 3443 851 3503 erat
875 3437 988 3504 Civilis
1018 3444 1052 3503 et
1083 3437 1220 3505 Classici

109 3531 228 3629 opinio.
258 3542 373 3628 Neque
388 3545 471 3608 enim
495 3544 741 3610 occultabantur
762 3545 867 3608 nuntii
890 3544 930 3608 de
955 3545 1145 3632 Vespasiani
1166 3568 1220 3610 ex-

108 3660 218 3724 cessu,
242 3650 317 3733 quie
339 3649 481 3714 nondum
506 3651 573 3715 rita
595 3654 785 3715 excesserat.
831 3651 915 3715 Anu.
938 3650 1039 3728 XIII,
1063 3659 1133 3718 372>
1153 3652 1223 3742 (Ti-

107 3754 232 3819 ridetes
265 3793 310 3802 -
344 3755 494 3820 mittebat
526 3761 672 3821 oratores
703 3756 757 3837 (ad
781 3754 1035 3844 Corbulonem),
1070 3757 1125 3842 qui
1159 3781 1221 3822 suo

107 3859 371 3944 Pertlrorumque
400 3862 534 3926 nomine
550 3862 810 3948 expostularent,
840 3883 898 3927 eur
920 3863 1004 3927 detis
1032 3886 1139 3950 nuper
1160 3864 1220 3928 'ob

108 3964 231 4030 sidibus
246 3969 413 4030 -verere
429 3967 601 4032 Armeniae
623 3969 825 4055 possessione
847 3969 1092 4057 depelleretur)=
1128 3970 1221 4047 ,Ideo

107 4073 250 4136 nondum
265 4072 468 4159 Vologacsen
484 4078 688 4138 commotum
702 4073 800 4164 (num
813 4075 960 4162 Feldzug
971 4075 1220 4160 aulgebroclren‘
