2670 4508
635 198 676 271 49

553 285 764 292 ,φφ-η...-

570 548 746 647 ΧΠ.

196 723 231 788 Si
244 723 402 787 sententia
414 722 520 806 aliqua
535 722 696 788 concionis
708 722 858 806 obliquae
870 722 1059 789 secundaria
1071 722 1216 809 proxime

108 831 227 915 pendet
250 852 290 893 ex
312 827 412 892 verbo
435 830 612 894 sententiae
636 851 713 893 suae
735 827 921 914 primariae,
957 853 997 894 eo
1024 828 1215 894 faciliusne·

106 936 225 999 latione
247 936 287 999 nd
312 934 542 1020 praeteritum,
576 957 616 999 ex
647 958 712 1020 quo
742 934 830 999 dicta
860 936 1052 1011 traduntur,
1087 939 1217 1019 tempus
1255 942 1256 947 ’

107 1063 216 1106 carcre
240 1044 384 1126 possunt,
409 1041 574 1123 quodiam
591 1039 721 1114 habent,
746 1041 788 1104 od
807 1042 894 1124 quod
910 1041 1000 1128 prius
1023 1034 1215 1105 reserantur.

108 1145 220 1227 Quare
243 1145 436 1209 subiunctivi
460 1144 598 1210 absoluti
622 1146 710 1232 apud
724 1146 874 1211 Tacitum
898 1148 930 1212 in
953 1148 1021 1212 eius
1038 1145 1126 1210 modi
1149 1167 1217 1213 seu·

108 1255 218 1318 tentiis
234 1252 422 1317 concionum
436 1251 638 1335 obliquorum
656 1253 859 1317 usitatissimi
870 1256 955 1321 sunt.
982 1250 1101 1333 Qualia
1113 1272 1216 1317 exem

107 1360 160 1447 pla
181 1360 246 1423 sint
269 1358 468 1443 excipienda,
493 1359 665 1422 maximum
687 1359 817 1443 quidem
841 1363 967 1445 purtem
985 1360 1048 1423 iam
1064 1381 1105 1423 ex
1128 1360 1216 1422 ante-

107 1465 295 1530 ccdentibus
310 1463 417 1547 liquet.
441 1461 507 1543 (Cf.
525 1488 556 1551 p.
576 1472 627 1528 16.
644 1472 697 1530 31.
715 1463 781 1552 32).
805 1467 889 1530 Ann.
906 1466 966 1540 lv,
984 1472 1042 1530 70:
1064 1461 1217 1546 (Sabinus

106 1571 245 1636 calendis
276 1569 432 1633 lanuariis
467 1570 637 1634 damnatus
675 1571 895 1654 trahebatur):
932 1611 977 1620 -
1012 1568 1216 1649 ‚Quaesitum

88 1677 379 1759 meditatamque,
412 1697 452 1739 nc
475 1676 552 1759 quid
574 1676 731 1762 impedire
753 1678 920 1754 credatur,
951 1674 1122 1761 quominus
1144 1674 1218 1739 novi

95 1784 337 1867 magistratus,
361 1782 525 1865 quomodo
548 1781 681 1847 delubra
704 1787 737 1848 et
759 1782 890 1860 altaria,
919 1784 966 1849 sic
987 1804 1148 1848 carcerem
1171 1802 1217 1845 re

108 1889 261 1954 cludant‘
294 1885 505 1952 Subiunctivo
521 1886 671 1952 absoluto
686 1889 859 1964 ,credatur‘
875 1889 1035 1954 sententia
1049 1886 1103 1952 illa
1113 1886 1217 1951 finalis

107 1994 214 2066 induit
245 1994 400 2079 speciem,
433 1993 524 2077 quasi
547 1993 713 2058 consilium
744 1994 824 2059 illud
852 2018 917 2060 non
945 2017 987 2059 ex
1016 1993 1153 2060 subiecti
1175 1992 1218 2058 lo

108 2100 234 2184 quentis
250 2099 515 2184 interpretatione
539 2101 760 2185 suppositum,
791 2100 848 2164 sed
863 2123 936 2165 cum
953 2101 1023 2186 ipsa
1039 2098 1218 2165 sentcntiae

110 2206 281 2290 primariae
311 2211 428 2268 natum
457 2206 500 2268 sit
527 2206 671 2270 iunctum
700 2206 753 2287 (of.
784 2231 814 2292 p.
841 2209 997 2290 ‚an-36)
1041 2204 1130 2281 xil,
1161 2212 1216 2270 1οε

108 2310 236 2398 (Parthi
259 2314 440 2394 queruntur
463 2312 549 2396 apud
573 2307 791 2377 senatum-de
813 2311 965 2378 Gotarzis
994 2311 1081 2398 regis
1109 2310 1218 2376 crude

109 2418 227 2500 litata:
251 2455 295 2462 -
316 2418 396 2491 ,lam
419 2417 547 2491 fratres,
573 2417 635 2479 iam
660 2418 876 2504 propinquos,
899 2419 963 2483 iam
986 2417 1114 2503 longius
1137 2416 1218 2481 sitos

109 2523 262 2587 caedibus
277 2521 471 2599 exhaustum
495 2523 588 2587 adiici
606 2524 758 2608 coniuges
774 2523 935 2610 gravidas
952 2523 1070 2589 liberos
1086 2543 1215 2609 parvos,

109 2629 186 2691 dum
211 2646 321 2692 socors
343 2627 447 2702 domi,
477 2627 567 2693 bellis
590 2626 753 2694 infaustus·
771 2630 933 2714 ignaviam
956 2619 1091 2695 saevitia
1114 2631 1217 2713 tegnt‘

108 2735 199 2813 (dum
221 2761 254 2790 :2
283 2755 373 2798 avenn
396 2756 466 2808 nur,
488 2734 591 2818 damit
614 2737 697 2818 nur).
744 2733 795 2803 Cf.
818 2735 924 2811 xlv,
950 2743 1001 2801 20.
1046 2733 1134 2801 Hist.
1157 2732 1217 2808 lv,

111 2849 148 2904 7:
171 2877 215 2886 —-
231 2839 411 2914 ‚Pertinere
426 2841 468 2903 nd
484 2839 673 2927 Vespasiani
689 2841 854 2918 honorem,
876 2863 1049 2907 occurrere
1064 2839 1121 2916 illi,
1136 2862 1217 2924 quos

109 2945 388 3009 innocentissimos
423 2949 556 3024 senatus
586 2946 719 3023 habent,
755 2949 810 3031 qui
839 2947 984 3011 honestis
1016 2944 1217 3011 sermonibus

110 3074 204 3116 aures
240 3052 393 3137 principis
430 3050 598 3116 imbuant·
625 3090 670 3101 —-
699 3052 774 3118 Hoo
811 3056 944 3118 senatus
972 3053 1092 3118 iudicio
1128 3051 1217 3117 velut

109 3157 274 3222 admoneri
298 3156 484 3243 principem,
511 3180 593 3241 quos
615 3157 748 3245 probet,
772 3180 855 3242 quos
876 3158 1088 3223 reformidet.‘
1132 3159 1215 3225 Anu.

110 3264 179 3339 111,
222 3270 283 3328 63:
332 3261 491 3328 Consules
520 3301 565 3312 --
600 3264 796 3329 ret-ulerunt:
834 3302 884 3340 ‚-
925 3269 1049 3330 ceteros
1073 3263 1218 3329 obscuris

110 3367 153 3434 ob
190 3374 386 3434 vetustatem
423 3370 522 3435 initiis
560 3371 629 3434 niti.
689 3370 772 3436 Nam
810 3370 1008 3456 Zmyrnaeos
1050 3368 1217 3435 oraculum

109 3474 285 3560 Apollinis,
321 3477 412 3541 cuius
440 3476 576 3562 imperio
610 3474 821 3543 Stratonicidi
851 3477 970 3544 Veneri
992 3474 1148 3563 templum
1173 3474 1219 3538 di-

110 3581 269 3658 caveriut3
286 3581 405 3647 Tenios
421 3583 563 3647 eiusdem
576 3604 703 3647 carmen
714 3582 842 3660 referre,
855 3606 919 3668 quo
936 3604 1062 3648 sacrare
1074 3581 1218 3668 Neptuni

109 3685 247 3772 effigiem
284 3687 460 3772 sedemque
488 3689 567 3753 iussi
590 3689 677 3755 sint‘
721 3689 843 3767 xlv„
860 3698 893 3754 1:
924 3725 969 3737 -
990 3687 1140 3766 ‚Timon
1177 3709 1218 3753 nc

110 3815 192 3856 uxor
215 3792 328 3858 saltem
344 3794 476 3859 iniurias
491 3797 632 3880 patrum,
654 3795 718 3860 irus
735 3795 846 3882 populi
863 3794 1017 3861 adversus
1033 3793 1217 3880 superbiam

109 3899 343 3985 avaritiamque
368 3900 481 3966 matris
512 3901 658 3987 aperiat‘
690 3909 750 3970 20:
765 3940 809 3949 -
825 3899 926 3982 ‚Quid
948 3920 1133 3988 superesse,
1156 3900 1217 3966 nisi

109 4007 148 4069 ut
170 4027 307 4092 corporo
331 4029 459 4091 qnoque
480 4007 602 4073 nudent
617 4010 652 4071 et
666 4010 793 4075 calestus
816 4011 984 4073 assumant
999 4028 1116 4090 easque
1138 4028 1217 4093 pug-

108 4133 166 4177 uas
181 4135 242 4198 pro
259 4112 373 4177 militia
386 4116 421 4177 et
435 4113 534 4179 armis
550 4113 784 4189 meditenturl‘
828 4112 887 4195 lV.
913 4121 950 4179 7:
974 4148 1014 4163 —
1039 4111 1097 4188 ,Et
1117 4134 1217 4196 quun·

1005 4225 1026 4282 4
