2670 4508
566 178 688 271 ‘12

116 366 364 468 rempublicam
388 367 574 447 attolleret.⁴
599 420 643 430 -—
671 390 711 448 57
721 407 730 446 ε
745 421 790 431 -
805 376 1016 461 circumdant,
1041 380 1238 452 obtestante

115 486 250 563 Vocula,
274 511 348 562 ‚non
371 487 452 554 adeo
470 488 639 553 turbatam
661 527 706 536 —
727 511 795 554 rem
812 489 1009 565 Romanam,
1022 494 1062 553 ut
1074 490 1237 556 Treveris

116 595 214 658 etiam
243 594 510 680 Lingonibusque
539 580 704 680 despectui
736 595 788 658 sit.
816 631 861 641 -
882 614 938 642 —-'
957 594 1082 680 Eadem
1112 619 1235 661 rursus

115 701 248 765 numine
270 703 505 786 exspectarent.
550 699 644 764 Nune
665 699 791 775 hostes,
824 700 898 784 quia
922 700 1016 765 molle
1046 702 1233 779 servitium,

117 823 190 870 cum
213 806 520 891 spoliati-exutique
541 804 680 880 fuerint,
710 806 832 869 amicos
853 805 947 871 fore‘
998 793 1066 880 111,
1091 813 1151 872 84:
1185 845 1234 858 -

118 910 302 1003 admovent,
325 911 492 997 ,quidquid
507 915 618 975 —tot
642 910 772 996 proeliis
794 910 914 976 laboris
936 935 974 978 ac
996 913 1129 998 periculi
1152 913 1233 978 liau-

116 1014 249 1092 siasent,
273 1054 317 1064 —-
339 1017 568 1082 consummari‘
590 1015 802 1081 clamitantes.
832 1055 877 1065 ·-
898 1055 943 1065 —
966 1017 1018 1094 ,Ni
1042 1019 1158 1083 statim
1182 1024 1232 1085 re'-

115 1121 286 1209 cipiantur,
310 1126 438 1188 noctem
461 1124 493 1187 in
516 1122 614 1186 armis
636 1121 815 1207 agendam!

204 1739 274 1802 lam
309 1757 409 1822 quum
441 1740 640 1825 generalem,
674 1741 707 1804 in
741 1762 806 1824 que
839 1739 983 1825 singulae
1017 1741 1228 1822 quaestiones

113 1843 276 1920 nitantur,
307 1843 409 1929 legem
434 1846 596 1930 posuerim
617 1847 649 1910 in
672 1846 850 1911 subiectiva
880 1844 1104 1921 relativorum,
1138 1845 1229 1913 obie-

115 1951 201 2016 etiva
223 1949 445 2015 absolutorum
469 1952 746 2018 subiunctivorum
767 1951 815 2028 vi,
844 1952 877 2015 in
898 1951 1082 2017 universum
1107 1952 1228 2018 discer-

115 2055 238 2121 nendae
259 2061 337 2120 sunt
359 2056 443 2120 duae
464 2058 616 2134 rationes,
640 2057 757 2142 quibus
780 2057 949 2123 sententiis
964 2056 1076 2121 alienis
1090 2056 1228 2143 obliqua

114 2163 262 2227 oratione
285 2162 427 2235 narratis
439 2162 616 2228 subiectiva
639 2163 694 2227 illa
714 2165 763 2228 vis
783 2163 890 2227 inesse
906 2162 1019 2248 possit.
1037 2163 1122 2227 'Aut
1136 2165 1225 2228 enim

113 2290 171 2355 per
194 2269 314 2333 seiam
337 2267 454 2332 babere
476 2272 587 2354 potest
609 2270 768 2333 sententia
787 2269 852 2335 vim
875 2267 1096 2342 subiectivam
1120 2269 1225 2354 ipsius

114 2373 269 2450 subiecti,
299 2375 390 2439 euius
418 2374 505 2438 dicta
534 2378 726 2449 narrantur,
763 2377 880 2460 sponte
910 2374 985 2438 inde
1013 2373 1054 2438 ab
1075 2375 1170 2440 initio
1192 2380 1225 2442 ei

112 2480 266 2556 inditam,
290 2485 348 2544 aut
362 2481 522 2545 sententia
537 2481 601 2544 vim
617 2478 827 2545 subiectivam
842 2501 883 2544 ex
898 2480 1079 2545 eudemum
1096 2482 1225 2549 ratione

112 2586 237 2671 recipit,
260 2607 325 2669 qna
348 2587 528 2672 coneipitur
551 2591 658 2651 mente
682 2609 719 2651 ac
740 2585 859 2651 iudicio
881 2587 1052 2654 narrantis.
1094 2587 1224 2654 Prioris

112 2691 238 2777 generis
260 2693 448 2766 sententiae,
471 2692 503 2755 in
520 2715 600 2776 quas
616 2691 801 2757 referendae
822 2697 899 2756 sunt
914 2713 1024 2756 omnes
1046 2691 1129 2769 illae,
1154 2695 1224 2777 qui-

113 2797 173 2862 bus
190 2796 311 2881 aliquid
327 2819 390 2861 non
407 2797 595 2883 simpliciter
611 2819 764 2884 provere
780 2798 873 2882 ponit
888 2796 1078 2873 subiectum,
1102 2798 1159 2862 sed
1175 2801 1224 2865 in

111 2900 238 2968 tentum
262 2903 430 2988 exprimit,
460 2908 500 2966 ut
522 2904 627 2967 minus
651 2925 691 2967 ex
720 2902 853 2967 obiectis
875 2903 918 2968 ab
948 2904 1018 2989 ipso
1042 2905 1223 2990 cognitum,

112 3005 209 3093 quam
239 3009 340 3094 ipsius
367 3009 536 3073 voluntate
557 3031 595 3073 ac
624 3009 821 3095 cogitatione
850 3010 1041 3074 arcessitum
1071 3009 1224 3076 videatur

111 3115 165 3196 (cl.
189 3113 307 3180 Ferd.
332 3113 517 3189 Schultz,
540 3115 597 3180 lat.
614 3114 761 3201 Sprachl.
787 3117 814 3199 ξ,
831 3114 920 3202 339),
943 3113 999 3180 ubi
1022 3115 1074 3180 lex
1094 3118 1224 3183 statuta

111 3243 184 3286 cum
197 3221 378 3286 constantia
390 3226 548 3296 servatur,
561 3221 780 3286 subiunctivos
792 3222 944 3287 relativos
955 3222 1024 3287 aine
1031 3223 1224 3308 exceptione

111 3327 277 3413 flagitant,
308 3348 408 3410 quum
439 3330 553 3390 contra
575 3325 608 3389 in
636 3326 767 3390 alterius
797 3329 924 3413 generis
952 3327 1119 3393 sententiis
1142 3350 1223 3394 usus

111 3430 389 3498 subiunctivorum
418 3436 631 3516 utrorumque
653 3455 749 3519 saepe
773 3454 791 3495 e
813 3434 931 3498 iudicio
959 3438 1057 3518 atque
1083 3433 1223 3500 arbitrio

110 3539 272 3602 narrantis
295 3539 419 3602 variare
437 3541 556 3624 potest.
595 3538 648 3602 lta
663 3538 690 3602 si
706 3538 834 3622 quidem
856 3537 909 3603 lex
924 3538 991 3615 illa,
1015 3542 1111 3623 quam
1128 3543 1222 3624 quasi

109 3644 357 3708 fundamentum
379 3644 644 3707 commentationi
676 3666 764 3708 meae
785 3644 921 3720 subieci,
955 3645 1063 3710 Taciti
1089 3647 1122 3709 in
1146 3653 1221 3712 con-

111 3748 257 3814 cionibus
281 3749 420 3832 obliquis
442 3772 536 3813 usum
562 3749 649 3833 quod
672 3752 807 3827 attinet,
837 3755 888 3815 est
913 3773 1007 3828 vera,
1039 3753 1222 3818 necessario

110 3853 257 3940 sequitur
281 3856 385 3941 prima
406 3854 518 3939 regula
540 3854 637 3919 baec:

199 3959 323 4025 Omnes
339 3961 528 4035 sententiae,
552 3962 585 4024 in
608 3961 723 4046 quibus
739 3962 887 4026 voluntas
903 3961 1039 4027 subiecti
1057 3963 1220 4047 loquentis

109 4066 142 4129 in
165 4067 288 4131 directa
311 4067 459 4132 oratione
482 4067 665 4131 declaratur
687 4090 750 4132 nun
774 4069 914 4144 notione,
938 4068 994 4132 sed
1017 4069 1114 4132 modo
1130 4069 1221 4136 verbi
