2670 4508
685 169 724 232 ro

152 371 328 457 principem
351 371 579 446 scanderet,
594 394 634 437 ne
651 373 886 458 Vespasianum
902 395 1010 438 senem
1034 374 1270 461 triumphalem

154 512 193 525 -
219 477 401 562 praeceptis
429 481 628 544 coerceret‘·
667 478 758 542 later
780 478 936 543 eiusmodi
967 479 1055 547 locos
1081 480 1271 548 afferendus

152 585 203 646 est
232 582 331 646 etism
361 581 413 646 hic
442 583 596 656 anan,
621 591 656 648 73
709 583 852 663 (Drusus
880 583 994 649 crebro
1017 587 1166 669 queritur
1193 611 1266 668 cont

152 692 205 751 tra
227 685 392 763 Seianum,
415 687 566 752 incolumi
582 687 648 753 filio
666 688 852 753 adiutorem
869 689 994 777 imperii
1010 691 1108 755 alium
1125 695 1270 782 vocari.)

153 829 192 841 —-
218 791 428 869 ,Precandarn
452 792 629 879 posthaec
653 794 860 869 modestiam,
885 801 923 860 nt
944 801 1116 863 contentus
1140 807 1268 865 esset‘

150 895 246 984 (seila
269 896 412 973 ,Precari
436 936 476 956 —-
501 921 535 962 se
558 898 684 976 debere,
708 905 745 964 ut
767 905 940 966 contentus
962 903 1083 989 esset‘).
1160 958 1162 963 .

239 1000 367 1068 Similes
383 1008 459 1069 sunt
474 1003 736 1069 antecedentibus
752 1007 906 1090 exemplis
921 1028 978 1070 eae
994 1008 1172 1073 sententiae
1187 1009 1258 1075 fina

150 1107 213 1183 les,
236 1107 367 1195 quibus!
383 1111 578 1195 exprimitur
607 1110 708 1195 ipsius
738 1110 872 1176 subiecti
893 1111 1059 1196 loquentis
1082 1115 1265 1182 consilium.

150 1214 237 1282 Ana..
257 1214 364 1287 Xlll,
394 1221 456 1280 493
508 1215 654 1280 Thrasea
677 1254 717 1266 -
741 1239 817 1289 ,non
845 1219 1061 1302 praesentium
1089 1220 1265 1305 ignarum‘,

149 1319 383 1406 respondebat,
405 1320 574 1397 ,eiusmodi
596 1322 743 1386 consulta
765 1322 943 1407 corrigere,
974 1324 1030 1388 sed
1053 1330 1184 1411 patrum
1199 1325 1265 1393 ho

139 1425 220 1489 -nori
242 1425 392 1503 darant
414 1420 621 1491 manifestum
644 1425 760 1491 fieret‘
777 1465 819 1475 -
843 1434 927 1494 Arm.
948 1428 1046 1505 XlV,
1071 1438 1104 1495 13
1128 1466 1167 1507 -,
1193 1431 1263 1497 ltu·

143 1553 218 1600 ⁴ram
241 1529 304 1617 (se)
326 1553 457 1616 quoquo
480 1537 659 1607 terrarum,
678 1532 746 1610 ,ubi
775 1533 944 1599 audiret
966 1535 1075 1619 potius
1097 1540 1263 1602 contume-

148 1635 217 1704 lias,
237 1637 460 1723 imperatoris,
498 1660 596 1722 quam
625 1634 789 1703 viseret
824 1639 973 1725 periculis
1004 1641 1072 1705 eius
1101 1641 1263 1707 immixta‘

146 1743 276 1824 (,damit
298 1742 344 1807 sie
367 1742 442 1807 dort
459 1781 498 1792 -
516 1743 605 1808 13633ί
628 1743 684 1807 vel
700 1766 761 1819 ,wa
776 1744 822 1808 sie
843 1744 944 1809 lieher
959 1783 999 1794 -
1017 1745 1117 1812 hdren
1133 1747 1262 1835 wolle‘).

149 1848 236 1913 ilisa
261 1850 316 1924 lV,
342 1855 400 1917 72:
433 1885 473 1896 -
488 1849 587 1934 ,ipsis
609 1847 692 1935 (scil.
710 1848 886 1926 militibus,
918 1872 1056 1933 quorum
1079 1851 1167 1916 dicta
1189 1875 1263 1917 nar-

147 1952 288 2040 rantum)
316 1952 463 2018 sulficere
486 1954 577 2038 ignes
599 1959 632 2019 et
654 1954 781 2020 rebellis
803 1956 963 2020 exercitus
986 1957 1111 2033 ruinas,
1143 1957 1263 2041 quibas

147 2063 200 2124 tot
223 2059 552 2125 castrorumexcidia
583 2067 879 2146 pensarentur‘
909 2061 1025 2141 (demit
1048 2063 1192 2128 dadurch
1220 2102 1259 2112 —

147 2163 358 2250 aulgewogea
389 2164 530 2228 wiirden‘
560 2164 735 2231 velentiae
757 2167 921 2240 ,wodurch
944 2167 1000 2230 wir
1023 2205 1065 2215 —
1087 2167 1260 2254 aufwiigen

147 2268 297 2357 wollen‘);
342 2275 382 2346 V,
407 2277 467 2334 16:
505 2267 802 2356 (Cerialismilites
825 2269 1015 2360 alloquitur)
1042 2312 1080 2323 -
1106 2273 1167 2350 ,Ut
1189 2297 1262 2359 per.

146 2375 258 2451 lidum,
281 2376 453 2460 ignavum,
478 2375 600 2441 victum
625 2374 752 2441 hostem
776 2378 807 2440 in
831 2382 999 2443 aeternnm
1023 2379 1260 2453 exscinderent.

146 2481 270 2553 ultione
293 2481 412 2566 magis,
436 2503 533 2563 qaam
556 2481 679 2565 proelio
698 2504 782 2566 opus
803 2493 896 2548 esse.‘
951 2481 1147 2560 Consilium,
1171 2487 1261 2569 quod

146 2587 190 2657 sit
211 2587 244 2650 in
269 2592 375 2651 mente
403 2586 505 2672 ipsius
525 2586 661 2652 subiecti
683 2586 862 2670 loqueatis,
894 2589 1098 2676 perspicuum
1130 2593 1199 2666 est,
1232 2592 1261 2655 si

146 2691 228 2757 hanc
258 2691 435 2761 indirecta
458 2692 604 2776 oratione
631 2691 781 2778 fingimus
808 2696 986 2759 sententiae
1009 2695 1165 2772 formams
1189 2695 1261 2771 ,Ul-

146 2799 267 2863 tionem
291 2797 393 2882 magis
415 2818 512 2881 quam
536 2796 690 2882 praelium
714 2798 872 2876 desidero,
895 2804 934 2866 ut
955 2839 993 2849 -
1019 2801 1184 2865 excidatis‘
1208 2803 1260 2868 vel

146 2902 208 2980 ,Ut
228 2941 273 2954 -
295 2903 491 2978 excidamus,
514 2903 606 2967 nobis
629 2925 712 2988 opus
734 2907 805 2967 est.‘

234 3009 343 3075 Etiam
373 3008 447 3083 illae
476 3008 653 3072 sententiae
676 3010 882 3074 secundariae
904 3011 1092 3075 concionum
1115 3011 1261 3095 obliqua-

145 3138 228 3192 rum,
246 3115 364 3198 quibus
378 3138 442 3179 nou
459 3114 720 3201 sirnpliciterpro
736 3137 814 3180 vero
829 3115 950 3200 aliquid
967 3117 1059 3203 ponit
1075 3115 1259 3185 subiectum

144 3220 289 3305 loquens,
306 3221 369 3284 -sed
385 3226 538 3304 tanquam
557 3242 678 3284 rnorem
695 3220 788 3284 alicui
804 3244 930 3307 gerens,
954 3223 1101 3287 concedit
1119 3225 1259 3303 tantum,

146 3331 184 3393 ut
205 3348 266 3412 pro
289 3348 365 3390 vero
388 3326 577 3411 accipiatur,
594 3364 629 3374 -
650 3331 688 3389 ut
710 3325 789 3391 haec
810 3328 879 3391 ei'us
902 3329 988 3393 actio
1003 3327 1179 3391 voluntatis
1203 3350 1260 3413 ap-

145 3435 277 3519 pareat,
301 3431 344 3496 ad
366 3432 576 3517 praeteritam
597 3431 698 3516 ipsius
721 3432 949 3518 cogitationem
972 3433 1158 3503 referendae
1179 3439 1260 3505 sunt

145 3536 357 3602 subiunctivis
379 3535 545 3604 relativis..
578 3541 663 3601 Ana.
685 3537 769 3613 ΧΗ,
797 3546 853 3602 193
888 3538 1041 3602 Eunones
1067 3538 1259 3604 -litteras

114 3696 115 3700 ,
145 3643 187 3708 ad
211 3640 383 3716 Caesarem
415 3642 535 3706 mittit:
567 3681 606 3690 -
632 3643 708 3719 ,Pro
732 3642 944 3720 Mithridate,
972 3644 1102 3728 quando
1124 3644 1260 3730 gravius

146 3751 342 3822 mereretur,
384 3769 449 3811 non
478 3749 659 3834 potentiam
689 3770 793 3832 neque
822 3771 957 3835 regnum
986 3750 1121 3835 precari‘
1160 3749 1258 3836 (dine

147 3891 186 3903 ·-
208 3854 349 3936 ‚quando
365 3891 421 3927 ¹-
452 3859 624 3924 mereatur‘
654 3877 812 3940 german:
854 3857 935 3931 ,weil
964 3878 999 3919 er
1023 3893 1061 3904 -
1087 3855 1259 3935 verdienen

109 3971 113 3983 ’
146 3957 257 4045 mag‘).
304 3958 582 4033 Commodehuo
613 3960 727 4024 referri
756 3964 865 4045 potest
898 3959 987 4024 locus
1010 3961 1061 4026 hic
1095 3984 1166 4025 ann.
1190 3960 1257 4039 lll,

146 4071 206 4129 613
229 4064 332 4130 Primi
348 4065 490 4139 omnium
507 4063 642 4150 Ephesii
664 4065 771 4134 adiere
792 4071 1019 4143 memorantes,
1040 4089 1115 4141 ,noa
1138 4067 1259 4148 3313331-
