2670 4508
644 808 699 905 Ι.

120 1025 238 1161 Quum
262 1092 313 1135 res
337 1074 373 1135 ut
396 1091 491 1135 verae
511 1069 562 1134 vel
578 1069 685 1134 factae
706 1069 881 1144 indicativo
898 1069 994 1135 modo
1010 1073 1228 1156 exponuntur,

119 1200 184 1240 non
215 1176 380 1241 sufficiunt
410 1180 561 1260 tempora
590 1175 780 1261 simpliciter
811 1197 961 1261 praesens
983 1179 1018 1240 et
1039 1175 1230 1262 simpliciter

120 1281 317 1366 perfectum,
348 1281 465 1364 quibus
489 1280 610 1364 aliquid
633 1280 783 1346 absolute
806 1285 840 1346 et
861 1304 919 1370 per
941 1303 975 1345 se
998 1285 1056 1346 aut
1078 1303 1147 1346 esse
1170 1286 1230 1346 aut

120 1386 229 1464 fuisse,
253 1392 310 1451 aut
333 1386 402 1452 fieri
424 1391 483 1451 aut
506 1386 628 1451 factum
644 1408 714 1451 esse
729 1387 926 1453 enuntiatur.
972 1386 1086 1461 immo,
1111 1390 1230 1461 utnon

120 1491 224 1557 solum
247 1493 334 1555 nuda
357 1514 417 1567 res,
441 1492 499 1556 sed
520 1492 614 1556 simul
638 1492 849 1578 expositionis
865 1493 963 1572 series
986 1514 1024 1556 ac
1039 1492 1230 1560 ¹coniunctio

120 1603 291 1684 appareat,
316 1597 396 1662 aliae
418 1602 601 1684 temporum
624 1598 748 1662 formae
771 1597 967 1663 necessariae
990 1602 1080 1670 sunt,
1112 1598 1229 1681 quibus

119 1704 321 1789 exprimatur
351 1702 484 1779 relatio,
522 1725 604 1788 quae
633 1708 764 1789 tempus
793 1702 881 1787 quod
907 1704 1028 1768 attinet
1058 1703 1231 1770 intercedit

120 1812 204 1874 inter
221 1833 272 1874 res
288 1811 504 1896 exponendas,
526 1832 675 1893 quarum,
699 1809 754 1873 ubi
770 1810 891 1874 cadunt
906 1809 938 1873 in
962 1811 1092 1893 tempus
1108 1813 1232 1894 praete».

122 1916 231 1990 ritum,
249 1938 313 1978 una
329 1921 437 1981 tamen
452 1915 547 1981 simui
563 1919 620 1981 aut
637 1937 788 2000 praesens
803 1919 838 1980 et
849 1915 969 1979 durans
984 1919 1043 1977 ant
1055 1915 1234 1999 praeterita

120 2041 190 2084 esse
203 2023 323 2105 potest,
341 2020 428 2104 quod
444 2021 586 2105 pertinet
600 2020 641 2083 ad
651 2020 801 2085 *atteram
837 2020 921 2085 illud
937 2043 1015 2085 vero
1031 2020 1233 2105 significatur

121 2127 276 2210 temporis
288 2124 403 2201 forma,
420 2148 518 2209 quam
531 2131 648 2197 vocant
663 2126 898 2212 imperfectum,
915 2126 976 2190 hoc
989 2126 1233 2212 plusquamper.

120 2230 221 2306 fcct03
252 2253 335 2314 quas.
361 2231 442 2294 duas
470 2233 638 2316 praeteriti
668 2233 825 2318 temporis
855 2232 947 2315 quasi
978 2231 1099 2316 species
1122 2253 1230 2297 secun.

120 2337 227 2399 darias
237 2342 313 2421 apte
323 2335 551 2422 Madvigius
566 2336 792 2425 (tait-,Spuma
804 2341 832 2421 ξ.
842 2343 920 2419 333)
933 2336 1066 2400 aiteram
1078 2359 1231 2421 praesens

105 2442 152 2504 'in
175 2442 372 2526 praeterito,
402 2440 537 2507 alteram
567 2445 781 2528 praeteritum
810 2445 842 2507 in
874 2442 1051 2527 praeterito
1075 2440 1163 2506 dicit.
1186 2478 1232 2490 -

121 2546 187 2612 Sed
214 2569 315 2630 quum
338 2569 390 2610 res
419 2553 626 2632 exponuntur
655 2549 860 2613 subiunctivo
892 2548 988 2612 modo
1018 2570 1082 2610 non
1112 2552 1149 2610 ut
1171 2569 1232 2632 per

121 2674 155 2716 se
170 2674 265 2717 verae
280 2651 330 2716 vel
345 2651 460 2728 sactae,
485 2653 541 2717 sed
557 2654 614 2729 ita,
638 2658 675 2718 ut
691 2655 849 2719 exsistant
872 2657 998 2717 tantum
1014 2653 1048 2718 in
1071 2656 1177 2717 monte
1193 2674 1232 2717 ac

121 2759 319 2844 cogitatione
332 2758 467 2825 subiecti
478 2757 621 2833 alicuius,
635 2759 730 2823 simili
742 2761 868 2825 ratione
880 2765 978 2842 atque
986 2759 1070 2822 inter
1082 2763 1232 2844 tempora

120 2886 229 2927 rerum
253 2863 398 2948 ipsarum
419 2863 481 2927 alia
503 2864 617 2928 relatio
639 2865 812 2930 intercedit
833 2866 920 2929 inter
943 2886 1011 2929 rem
1027 2865 1129 2948 ipsam
1146 2865 1232 2947 cogi-

121 2973 225 3032 tatam
248 2990 286 3032 ac
309 2973 437 3054 tempus
460 2969 675 3054 cogitationis.
721 2970 814 3035 Haec
844 2993 973 3054 quoque
996 2969 1111 3034 relatio
1135 2969 1232 3053 signi-

120 3075 237 3139 ficatur
260 3075 314 3148 ita,
337 3078 375 3138 ut
396 3073 440 3147 id,
464 3075 551 3158 quod
573 3078 625 3138 est
647 3096 798 3159 praesens
828 3077 860 3140 in
889 3076 1066 3162 praeterita
1094 3075 1231 3139 subiecti

121 3180 255 3244 alicuius
270 3180 476 3265 cogitatione,
492 3181 696 3265 exprimatur
709 3181 901 3267 imperfecti,
918 3181 1005 3265 quod
1017 3181 1231 3267 praeteritum

120 3285 428 3373 plusquamperfecti
463 3287 677 3351 coniunctivo.
733 3287 876 3373 Tempus
910 3308 988 3350 vero
1022 3285 1232 3370 cogitationis

120 3389 254 3454 indicari
281 3390 364 3455 solet
394 3391 597 3456 antecedenti
620 3393 720 3457 verbo
742 3398 800 3456 aaut
831 3392 987 3457 sentiendi
1018 3392 1068 3455 vel
1091 3391 1230 3467 dicendi,

120 3496 177 3560 ubi
200 3495 389 3561 enuntiatur
411 3498 591 3582 cogitatum
608 3497 713 3561 solum
734 3502 769 3561 et
785 3499 917 3574 nudum,
942 3502 1000 3561 aut
1023 3496 1149 3582 agendi,
1175 3497 1230 3561 ubi

120 3623 194 3664 cum
218 3601 345 3664 actione
363 3602 594 3686 cogitationem
610 3603 657 3667 rei
672 3602 840 3667 cuiusdam
857 3602 963 3688 iungit
979 3601 1170 3669 subiectum.
1189 3638 1227 3650 -—

121 3709 176 3770 lta
200 3706 389 3792 explicanda
409 3712 506 3790 atque
528 3708 736 3793 intelligenda
750 3712 801 3772 est
824 3708 947 3793 regula,
971 3731 1068 3792 quam
1093 3709 1133 3771 de
1150 3712 1231 3773 tem-

121 3835 238 3897 porum
260 3813 487 3878 consecutione
508 3818 655 3878 statuere
677 3814 784 3879 soient
806 3815 848 3879 ad
864 3814 947 3879 hunc
974 3814 1121 3878 modum:
1146 3813 1232 3877 Post

121 3924 254 4002 tempus
274 3941 424 4002 praesens
448 3917 541 4006 (item
566 3924 641 4004 post
665 3924 838 4003 utrumque
859 3918 1021 4000 futurum)
1051 3922 1232 4002 sequnntur

121 4024 315 4087 eonium-tivi
337 4027 523 4108 praesentis·
540 4032 574 4091 ct
597 4025 751 4110 perfecti,
781 4030 857 4111 post
879 4030 1029 4110 tempora
1051 4024 1231 4111 praeterita

1023 4138 1044 4190 1
