2670 4508
330 818 332 823 ¹
383 766 639 894 'raanan
669 805 911 906 aarum.
1004 767 1005 771 Ὗ

572 1035 730 1042 --——-—-

142 1196 162 1244 1.
182 1194 318 1245 Generalis·
330 1193 359 1243 de
376 1197 519 1258 temporum
538 1193 713 1243 consecutione
732 1190 846 1257 quaestio
864 1207 889 1256 p.
908 1187 994 1241 1-4.

129 1301 162 1350 ΙΙ.
182 1301 334 1364 Temporum
352 1299 495 1348 consecutio
515 1299 598 1366 qualis
617 1299 652 1349 sit
669 1299 697 1348 in
715 1298 878 1349 concionibus
896 1297 1008 1362 obliquis
1027 1297 1205 1349 historicorum

200 1405 367 1440 romanorum.
405 1387 524 1438 Virorum
543 1388 674 1438 doctorum
693 1387 722 1436 de
740 1387 787 1436 hac
805 1404 831 1436 rc
850 1386 989 1437 sententiae
1008 1404 1033 1452 p.
1051 1384 1138 1439 4—9.

117 1497 164 1546 ΙΙΙ.
185 1495 312 1546 Statuitur
329 1495 369 1544 lex
388 1494 520 1559 generalis,
540 1509 591 1558 qua
601 1493 706 1543 Tacitus
717 1491 744 1542 in
756 1492 920 1543 concionibus
936 1492 1048 1557 obliquis
1060 1493 1208 1546 distinxerit

202 1585 268 1634 inter
286 1583 460 1634 subiunctivos
478 1582 599 1633 relativos
618 1586 643 1631 et
660 1581 790 1632 absolutos
809 1599 834 1647 p.
853 1578 959 1632 9-12.

93 1706 94 1709 ¹
119 1691 163 1741 IV.
182 1691 252 1740 Duae
270 1691 445 1740 discernuntur
462 1689 580 1751 rationes,
600 1687 691 1753 quibus
710 1687 843 1738 sententiis
862 1687 954 1737 alienis
971 1688 1077 1752 obliqua
1094 1688 1208 1743 oratione

203 1779 311 1829 narratis
331 1777 470 1828 subiectiva
488 1777 527 1827 vis
544 1777 626 1826 inesse
644 1776 731 1840 possit.
766 1775 842 1825 Prior
860 1775 932 1825 ratio.
964 1777 1125 1829 Subiunctivi
1142 1780 1207 1829 rela-

202 1868 249 1916 tivi
275 1867 303 1916 in
328 1867 445 1916 omnibus
468 1865 501 1915 iis
519 1864 668 1915 concionum
686 1862 847 1927 obliquarum
866 1864 1013 1930 sententiis,
1037 1882 1100 1931 quae
1118 1868 1208 1918 volun-

203 1961 280 2006 tatem
299 1955 405 2005 subiecti
423 1953 551 2019 loquentis
570 1953 598 2002 in
616 1953 711 2003 directa
729 1952 843 2001 oratione
856 1952 1009 2003 declararent
1027 1971 1079 2005 non
1097 1956 1209 2021 notione,
1243 1948 1253 1965 ¹

204 2045 246 2094 sed
264 2044 338 2094 modo
357 2043 428 2093 verbi
445 2042 617 2102 (coniunctivo
636 2042 676 2092 vel
694 2041 854 2105 imperativo)
874 2059 899 2106 p.
919 2039 1042 2092 12—17.

139 2153 168 2202 l'.
186 2150 317 2200 Relativus
335 2149 362 2199 in
381 2149 544 2199 concionibus
563 2147 675 2212 obliquis
687 2147 870 2210 subiunctivus,
889 2149 933 2213 qui
946 2148 1106 2200 coniunctivo
1120 2155 1209 2216 poten-

205 2238 262 2288 tiali
280 2243 325 2288 aut
343 2237 423 2286 futuri
441 2237 579 2286 indicativo
596 2237 732 2302 respondet
751 2236 779 2286 in
797 2236 892 2287 directa
909 2237 1024 2288 oratione
1042 2255 1067 2303 p.
1086 2236 1210 2291 17—19.

123 2347 167 2396 l'l.
185 2347 243 2395 Duo
271 2344 450 2395 sententiarum
483 2342 695 2394 conditionalium
725 2359 829 2408 genera;
864 2342 1019 2416 subiunctivi
1046 2345 1156 2395 absoluti
1183 2346 1211 2395 in

206 2435 291 2499 priore
310 2435 345 2497 (p.
366 2431 398 2482 19
411 2429 501 2493 --27),
520 2431 622 2481 relativi
640 2432 668 2480 in
686 2432 765 2480 altero
785 2446 873 2495 genere
892 2430 972 2496 iisque
990 2433 1131 2496 sententiis,
1148 2449 1211 2498 quae

206 2520 340 2585 particulis
360 2519 507 2582 ,sive-sive‘
525 2520 566 2569 vel
583 2518 713 2581 ,scu-scu‘
730 2518 859 2583 incipiunt
877 2538 902 2586 p.
921 2517 1044 2571 27-30.

62 2612 64 2617 .
93 2606 167 2680 ¹Vll.
186 2629 273 2677 Altera
290 2628 364 2688 ratio,
384 2642 433 2691 qua
452 2625 585 2675 sententiis
604 2625 753 2675 concionum
766 2626 925 2691 obliquarum
940 2625 1130 2701 vissubiectiva
1142 2629 1213 2680 insit.

207 2714 422 2780 interrogationes
440 2714 577 2764 indirectas
596 2732 621 2780 p.
640 2711 765 2765 31-33.

101 2821 173 2873 VIII.
192 2822 334 2871 Sententiae
341 2858 348 2882 ,
377 2837 439 2886 quae
466 2820 634 2872 subiunctivis
661 2821 776 2871 relativis
803 2826 832 2871 ut
858 2822 996 2872 subiective
1017 2829 1118 2873 tanturn
1142 2841 1213 2876 verae

208 2909 362 2969 referuntur,
388 2911 415 2958 in
434 2910 525 2974 quibus
544 2914 604 2959 sunt
622 2910 759 2960 nonnullae
782 2911 920 2960 sententiae
937 2909 1025 2961 finales
1046 2929 1071 2977 p.
1090 2909 1160 2963 33-
1171 2911 1213 2964 36.

125 3015 171 3064 ΙΧ.
191 3015 352 3065 Subiunctivi
370 3015 471 3065 relativi
490 3022 514 3066 et
532 3015 644 3093 absoluti
663 3014 690 3064 in
709 3014 843 3064 sententiis
861 3016 1005 3066 causalibus
1028 3035 1052 3081 p.
1071 2986 1196 3069 36-l1.

141 3121 172 3170 X.
193 3120 355 3171 Subiunctivi
374 3121 476 3171 relativi
494 3122 522 3171 in
541 3122 673 3171 sententiis
686 3121 869 3186 temporalibus
882 3126 907 3170 et
919 3122 1033 3174 relativis
1052 3141 1077 3189 p.
1088 3122 1214 3175 42—44,

126 3226 172 3275 XI.
193 3225 353 3276 Subiunctivi
370 3227 482 3277 absoluti
500 3227 528 3276 in
546 3226 578 3277 iis
597 3228 743 3289 sententiis,
769 3245 831 3293 quac
852 3234 913 3277 sunt
930 3229 1094 3293 generalioris
1112 3238 1215 3282 naturae

209 3315 334 3380 iidemque
354 3315 380 3364 in
398 3315 530 3365 sententiis
548 3315 662 3365 relativis
682 3321 707 3365 et
724 3316 907 3381 temporalibus
926 3335 952 3382 p.
969 3314 1095 3369 44—48.

113 3421 172 3470 XII.
192 3423 229 3470 De
247 3409 378 3471 sententiis
397 3422 559 3485 secundariis,
578 3438 640 3487 quae
658 3421 772 3486 proxime
784 3423 894 3487 pendent
907 3440 936 3473 ex
947 3425 1022 3474 verbo
1035 3426 1121 3490 aliquo
1134 3425 1215 3491 ipsius

211 3509 339 3559 concionis
358 3511 475 3575 obliquae
494 3529 519 3576 p.
537 3507 662 3562 ‹ie—51,

104 3614 179 3665 XIII.
194 3615 287 3671 Quales
314 3615 470 3665 coniunctivi
502 3616 645 3681 imperfecti
671 3631 722 3665 aon
757 3616 866 3666 habendi
893 3617 944 3667 sint
974 3634 1020 3683 pro
1048 3617 1216 3669 subiunctivis

210 3703 331 3753 relativis.
