2670 4508
107 383 376 470 terrogabatsss-
398 414 443 433 -u-
463 380 550 448 Turn
573 384 616 448 ad
644 383 808 450 Moesicos
834 404 1026 458 conversus,
1058 378 1219 469 principes

107 494 323 574 auctoresque
338 489 412 554 belli
427 489 552 555 ciebat:
577 489 727 565 ,Frustra
743 489 851 555 verbis
866 493 900 554 et
916 489 1009 552 minis
1025 491 1220 574 provocatos

107 594 319 671 Vitellianos,
347 596 374 660 si
396 618 509 660 manus
532 617 644 660 eorum
669 594 842 679 oculosque
865 618 930 659 non
952 594 1111 661 tolerent.‘
1156 593 1219 658 Est

108 703 271 767 sententia
292 701 518 785 conditionalis
535 695 652 788 prioris
668 702 803 788 generis,
826 701 858 765 in
881 701 941 764 dir.
964 718 1020 764 ort
1043 698 1081 776 ,si
1096 735 1141 746 -
1155 720 1219 764 non

108 807 279 873 toleratis‘
332 805 583 886 Quodammodo
613 808 697 871 enim
730 806 841 871 obiicit
870 806 1033 870 Antonius
1055 805 1218 880 Moesicis,

107 932 174 978 non
190 912 330 978 tolerare
352 935 408 977 eos
425 912 671 977 Vitellianorum
688 935 801 977 manus
813 912 996 995 oculosque,
1019 910 1106 996 quod
1125 916 1220 976 antea

108 1019 175 1084 nou
197 1019 348 1096 vicerant,
395 1019 487 1083 Haec
509 1022 586 1082 sunt
608 1018 715 1104 pudor
737 1023 770 1083 et
792 1016 914 1104 probra
936 1016 1003 1091 illa,
1031 1015 1147 1100 quibus
1171 1038 1220 1081 ac·

108 1123 255 1189 condisse
277 1125 457 1188 Antonium
480 1125 614 1189 Tacitus
637 1123 715 1189 dicit
744 1123 970 1187 nonnullorum
995 1123 1132 1187 militum
1156 1122 1220 1186 ani·

109 1231 191 1294 mos.
206 1228 267 1296 cf.
293 1236 345 1297 53.
389 1230 457 1306 IV,
489 1238 546 1295 17:
578 1227 759 1294 Galliarum
788 1230 975 1294 societatem
1007 1227 1121 1294 Civilis
1148 1232 1220 1293 arte

108 1333 270 1418 donisque
299 1333 472 1400 affectabat
493 1351 554 1398 -r
578 1372 623 1383 -
643 1331 764 1410 ,Nunc
779 1335 906 1399 easdem
929 1335 1073 1399 omnium
1097 1337 1219 1420 partes,

109 1440 226 1505 addito
257 1441 284 1504 si
312 1440 390 1525 quid
415 1440 560 1505 militaris
588 1438 777 1526 disciplinae
804 1441 837 1504 in
860 1441 975 1505 castris
997 1440 1219 1505 Romanorum

107 1547 274 1632 'viguerit‘
320 1548 359 1611 lu
382 1545 442 1609 dir.
466 1569 519 1610 or:
551 1547 589 1623 ,si
611 1546 688 1631 quid
710 1584 755 1594 --
776 1546 902 1631 viguit!
947 1544 1059 1630 Neque
1080 1547 1163 1611 enim
1186 1547 1219 1610 in

109 1655 237 1716 incerto
259 1651 468 1735 relinquitur,
499 1675 577 1716 num
601 1651 722 1737 aliquid
746 1651 894 1715 militaris
924 1651 1110 1738 disciplinae
1132 1651 1220 1738 apud

108 1757 276 1824 Romanos
301 1757 458 1842 viguerit3
488 1758 589 1822 immo
612 1757 645 1821 id
667 1779 728 1843 pro
755 1778 833 1823 vero
863 1757 1060 1842 agnoscitur.
1107 1758 1219 1843 ipsum

108 1861 173 1928 boc
193 1867 333 1937 tanturn,
358 1863 467 1946 quid‘
479 1900 525 1910 -
547 1864 697 1949 viguerit,
721 1863 880 1927 sententia
894 1862 1100 1928 conditionali
1117 1863 1220 1948 magis

108 1967 232 2033 infinite
248 1967 454 2054 significatur.
492 1965 544 2031 cf.
568 1989 608 2032 ex
624 1968 747 2032 directa
763 1969 911 2032 oratione
926 1969 970 2044 ll,
996 1974 1053 2033 76:
1077 1965 1125 2044 ,Si
1142 1969 1220 2052 quid

109 2074 237 2140 ardoris
258 2096 296 2137 ac
317 2072 456 2137 ferociae
479 2073 569 2138 miles
592 2072 719 2150 habuit,
754 2073 882 2161 popinis
903 2111 949 2120 —-
975 2072 1154 2138 deteritur!
1176 2113 1220 2122 -

108 2179 247 2254 Eodem,
269 2201 334 2262 quo
358 2183 433 2243 ante
454 2178 553 2244 allata
574 2178 737 2266 exempla,
761 2179 926 2265 pertinent
948 2179 1127 2244 sententiae
1150 2200 1221 2243 con·

109 2285 280 2350 ditionnles
303 2283 525 2368 illae,·quibus
547 2307 611 2349 non
632 2308 731 2349 unum
755 2285 876 2369 aliquid
899 2307 936 2348 ac
958 2284 1137 2369 singulare,
1162 2277 1221 2349 sed

109 2394 220 2455 totum
244 2389 484 2472 quodammodo
514 2412 615 2476 genus
637 2413 745 2456 rerum
769 2390 819 2456 val
850 2391 1014 2454 actionum
1038 2392 1220 2478 respicitur,

109 2495 222 2580 quiales
252 2495 381 2581 saepius
404 2500 437 2558 at
459 2494 564 2560 factae
586 2497 649 2559 iam
673 2500 750 2559 sunt
773 2500 807 2560 et
827 2495 915 2560 fient.
963 2495 1221 2582 Exemplasunt

109 2600 207 2666 liaeo:
230 2602 315 2667 Anu.
333 2601 478 2676 ntes:
501 2640 545 2649 -
561 2599 645 2676 ,Non
661 2600 855 2665 imbecillum
871 2605 999 2688 tantum
1015 2604 1048 2666 et
1063 2601 1220 2688 imparem

109 2706 275 2773 laboribus
302 2728 432 2782 sexum,
464 2707 522 2771 sed
552 2708 578 2771 si
605 2706 734 2772 licentia
763 2707 849 2771 adsit
879 2696 960 2789 (diri
989 2707 1016 2771 si
1038 2745 1083 2755 -
1104 2709 1220 2792 adest),

109 2834 253 2888 saevum,
269 2822 344 2876 —.‘'
381 2820 438 2877 34:
461 2850 506 2861 -
528 2812 611 2889 ,Viri
633 2813 666 2878 in
688 2834 727 2878 eo
742 2812 880 2898 culpam,
904 2813 930 2876 si
953 2811 1072 2877 semina
1089 2815 1220 2878 modum

110 2917 266 2984 excedat!
296 2918 341 2993 ll,
360 2924 400 2982 12
416 2955 461 2966 —
475 2917 523 2994 ,Si
547 2917 657 2982 concio
681 2923 868 2994 vocetur,
891 2917 954 2982 illic
977 2940 1114 3002 quoque,
1138 2942 1221 3004 (luae

109 3025 205 3110 pauci
224 3024 390 3109 incipiant,
415 3023 555 3108 reliquos
577 3023 788 3108 obstrepere‘
809 3061 855 3072 —
878 3023 1105 3100 Germanicus,
1129 3026 1221 3090 cuius

109 3127 289 3194 baec-sunt
310 3129 419 3205 verba,
443 3128 495 3194 hic
516 3152 591 3193 non·
604 3151 675 3194 eam
698 3129 817 3206 sclam,
834 3151 929 3214 quam
950 3129 1020 3216 ipse
1042 3134 1120 3194 tunc
1135 3128 1221 3195 forte

110 3256 227 3299 vocare
250 3236 376 3321 posset,
393 3236 591 3299 concionem
613 3234 774 3321 respexit,
806 3235 863 3298 sed
890 3235 931 3298 de
961 3234 1167 3300 concionibus
1187 3235 1221 3299 in

111 3339 296 3404 universum
327 3340 480 3425 loquitur.
535 3340 610 3404 Hoc
640 3362 736 3405 sensu
767 3362 825 3407 nec
853 3341 890 3416 ,si
914 3377 958 3387 -·
986 3344 1133 3405 vocetur‘
1162 3361 1222 3406 nec

111 3447 149 3523 ,si
170 3474 216 3493 —·
237 3445 427 3522 vocabitur‘,
458 3445 514 3510 sed
536 3445 640 3509 solum
662 3446 724 3510 hoc
744 3447 784 3522 ,si
806 3483 851 3496 -
873 3446 1016 3510 vocatur‘
1043 3446 1076 3510 in
1099 3446 1222 3511 directa

110 3551 259 3616 oratione
275 3555 361 3616 esset
375 3555 498 3638 aptum.
523 3550 608 3617 Curn
625 3552 685 3616 hoc
702 3552 850 3637 exemplo
865 3550 945 3616 bene
960 3551 1098 3616 conferri
1112 3553 1222 3638 potest

110 3657 191 3722 illud
205 3679 246 3722 cx
263 3657 406 3722 eiusdem
422 3658 494 3723 libri
517 3680 544 3725 c.
568 3664 604 3722 5:
628 3657 840 3723 Germanicus
856 3661 1009 3743 reputare
1025 3658 1221 3744 praeliorum

110 3763 181 3828 vias
203 3767 247 3839 et,
271 3763 439 3848 quaesibi
462 3765 595 3828 tertium
618 3765 682 3827 iarn
705 3785 824 3827 annum
844 3761 1046 3849 belligeranti
1061 3785 1156 3827 saeva
1171 3764 1221 3828 val

109 3889 269 3956 prospera
284 3871 482 3935 evenissent:
506 3906 551 3918 -
565 3873 612 3949 ,at
627 3868 653 3932 si
671 3890 762 3932 mare
776 3869 925 3943 intretur,
941 3873 1127 3955 promptam
1143 3869 1222 3955 ipsis

110 3973 368 4060 possessionem!
390 4010 435 4023 ·-
456 3974 653 4060 lntelliffl’tur
675 3975 759 4039 ratio
790 3975 969 4039 sententiae
998 3974 1230 4038 conditionalia

107 4087 151 4143 ax
170 4079 226 4154 iis,
251 4101 335 4164 quae
359 4082 510 4148 concioni
540 4081 697 4171 obliquae
726 4081 956 4148 aracusa:
981 4076 1148 4155 asanaa
1171 4069 1268 4124 su'xw
