2670 4508
622 165 672 224 47·

587 249 747 264 ...-——-··-

91 369 281 456 ipsaaera,
303 393 367 456 qua
389 374 549 439 sententia
570 373 705 439 relativa
726 369 856 442 nitItur,
879 365 968 450 quod
990 365 1092 450 plebis
1115 367 1205 430 certe

92 477 222 540 nomine
245 477 457 555 faeta-erant,
481 503 564 566 quae
586 482 767 544 evenerant
877 526 879 531 .
915 524 917 527 -
948 523 951 528 -

133 629 134 632 ,
183 581 268 647 Aan.
291 582 370 659 XV,
396 593 452 649 62:
476 586 599 652 Seneca
613 622 658 632 --
673 579 904 647 conversanae}
919 578 1050 652 arnicas,
1073 576 1204 660 quando

94 688 218 752 meritis
246 708 357 752 eorum
388 691 506 756 referre
535 691 674 777 gratiam
710 684 949 773 prohiberetur,
984 682 1072 766 quod
1103 704 1202 759 unum

93 792 158 856 inm
182 798 346 858 ettamen
370 795 631 881 pulcherrimum,
657 793 821 866 babeat,
852 790 1024 875 imaginem
1047 788 1133 853 vitas
1155 809 1203 851 re·

92 897 237 981 linquere
260 902 410 975 testatur,
434 903 537 979 ,cuius
552 903 578 966 si
595 922 755 965 memores
770 901 877 961 essent
894 895 1049 959 bonarum
1072 894 1203 967 artium,

92 1002 202 1066 saman
225 1007 403 1069 constantis
436 1008 596 1073 amicitiae
620 1008 766 1070 laturos‘.
812 1001 965 1066 Ernestio
986 999 1114 1084 quidem
1139 1021 1202 1063 non

93 1107 199 1194 placet
211 1108 289 1173 illud
303 1109 452 1186 ,heberte
466 1136 526 1199 pro
538 1126 603 1198 qno
614 1110 775 1186 ,babebat‘
786 1106 926 1193 scripsit,
936 1108 972 1170 et
984 1106 1060 1189 quia
1070 1104 1204 1169 deberat

93 1236 163 1279 esse
174 1214 329 1291 ,baberet‘
342 1222 374 1281 et
386 1219 462 1301 quia
472 1219 645 1283 iactantius
653 1216 738 1280 foret
746 1216 778 1278 in
787 1235 843 1277 ore
851 1212 994 1277 Senecae
1002 1211 1062 1276 boc
1070 1211 1204 1279 dictum.

93 1315 1203 1408 Verumhocopprobriolibernrevideturelnrissinrumphilosophum

93 1426 228 1490 Tacitus
245 1427 316 1511 ipso
332 1427 537 1493 rabirrnctivo
552 1428 712 1503 absoluto,
728 1449 794 1510 quo
809 1447 843 1489 se
855 1423 984 1508 quidem
996 1423 1029 1486 in
1045 1421 1104 1485 hoc
1118 1421 1205 1486 illius

94 1532 254 1596 sententia
265 1555 328 1596 non
340 1532 551 1599 subiectivam
564 1533 724 1617 quandam
741 1530 970 1616 cogitationem
990 1527 1038 1592 vel
1059 1527 1205 1592 iactatio-

93 1659 167 1702 nem
178 1637 226 1701 vel
235 1637 354 1722 aliquid
363 1640 476 1717 simile,
489 1641 546 1704 sed
555 1640 632 1704 nihil
646 1639 705 1702 nisi
715 1660 781 1701 rem
795 1635 953 1700 obiective
965 1656 1072 1698 veram
1086 1634 1206 1698 vidisse

95 1746 245 1808 testatur.
289 1743 464 1809 Praeterea
487 1747 513 1810 si
537 1746 598 1810 boe
618 1743 760 1809 Senecae
777 1741 909 1806 verbum
932 1740 1107 1804 iactantius
1122 1744 1206 1812 erat,

94 1870 154 1912 cur
174 1870 238 1912 non
266 1849 344 1912 item
367 1855 475 1914 cetera
503 1851 686 1935 ,imaginem
718 1849 806 1912 vitae
832 1846 1021 1929 relinquero·
1050 1848 1202 1919 testatur,

94 1953 196 2028 ,nnius
219 1953 245 2016 si
264 1975 422 2018 memores
438 1962 545 2020 essent
568 1955 769 2019 bonarum
794 1953 944 2016 artium
960 1952 1036 2014 -‘?
1066 1948 1204 2014 Subiun-

94 2058 171 2122 etivi
193 2057 333 2123 absoluti
357 2065 555 2147 usurpantur
578 2083 597 2123 a
619 2060 735 2124 Tacito
759 2057 897 2121 rnaxime
919 2057 951 2119 in
974 2057 1013 2119 iis
1036 2055 1205 2120 sententiIs

94 2163 245 2238 relativis,
269 2163 385 2248 quibua
410 2167 513 2230 minus
536 2166 611 2230 novi
635 2164 756 2249 aliquid
776 2162 984 2227 contenditur
1005 2184 1028 2225 a
1047 2159 1204 2239 subiecto,

94 2291 191 2353 qnam
216 2273 275 2342 aut
296 2271 445 2352 qualitas
458 2273 503 2336 rei
525 2269 928 2352 indefinitaeqdcscribitur
951 2272 1008 2331 nat
1023 2267 1207 2353 explicatur

93 2373 145 2439 vel
165 2373 318 2439 delinitur
341 2377 533 2461 unanliqaa
555 2376 733 2441 sentent-ine
760 2374 933 2460 primariae
955 2395 1035 2447 vox,
1066 2379 1124 2436 aut
1146 2373 1204 2437 cir·

94 2479 322 2544 cumscribitur
343 2482 481 2544 nominis
504 2483 605 2546 notio.
652 2484 737 2544 Ana.
756 2479 815 2552 IV,
839 2487 895 2543 17:
918 2515 974 2555 ,—
995 2501 1077 2551 cese,
1099 2479 1155 2562 qui
1170 2499 1206 2542 se

95 2585 237 2671 partium
268 2586 470 2671 Agrippinae
499 2591 617 2651 vocent
638 2595 703 2652 -‘.
746 2584 851 2659 XIV,
882 2590 925 2648 52
946 2621 991 2632 -
1013 2580 1132 2662 ,Quem
1162 2583 1211 2648 ad

93 2690 192 2755 finem
223 2690 301 2755 nibil
331 2691 363 2754 in
393 2690 557 2777 republica
592 2691 713 2756 clarum
744 2690 831 2765 fore,
869 2689 956 2773 quod
986 2711 1051 2754 non
1080 2688 1120 2754 ab
1149 2688 1204 2753 illo

94 2795 228 2883 reperiri
244 2796 435 2861 credaturi‘
464 2798 530 2873 XI,
554 2804 595 2861 61
612 2829 657 2845 -·-
672 2796 775 2872 ,Adeo
792 2796 950 2860 neminem
974 2794 1126 2859 isdemin
1143 2799 1204 2859 ter-

94 2903 140 2967 ris
162 2907 282 2977 ortum,
305 2904 360 2986 qui
383 2905 558 2990 principem
581 2903 685 2967 locum
710 2901 843 2988 impleat
863 2910 929 2963 -‘.
958 2900 1061 2975 XIII,
1085 2908 1145 2965 26:
1160 2930 1207 2949 -ι

95 3007 328 3083 ,Tribueadum
352 3009 482 3091 aliquod
506 3008 617 3082 telum,
641 3008 727 3092 quod
752 3008 860 3094 sperni
889 3011 1030 3090 nequeat
1053 3020 1119 3068 -‘.
1165 3007 1210 3071 In

96 3111 157 3177 boo
180 3115 324 3196 sequenti
354 3135 430 3177 vero
461 3113 609 3199 exemplo
631 3136 696 3177 noa
726 3117 764 3178 ut
792 3113 834 3176 in'
852 3111 1113 3177 antecedentibus
1137 3132 1205 3177 sen·

96 3219 201 3283 tentia
231 3219 363 3283 relativa
393 3218 461 3283 sola
497 3220 652 3303 qquItas,
688 3233 752 3302 qua
787 3217 966 3282 subiectum
1002 3217 1206 3282 indefinitum

95 3325 274 3389 sententiae
292 3324 463 3411 primariae
475 3325 681 3409 cogitandum
695 3325 748 3401 stt,
761 3323 923 3399 delinitur,
937 3323 993 3386 sed
1005 3324 1206 3409 significatur

96 3428 231 3493 subiecti
254 3430 414 3514 loqueatis
437 3431 595 3516 cogItatio
617 3430 659 3494 de
680 3452 730 3505 eo,
754 3429 841 3514 quod
865 3429 1010 3493 futurum
1033 3430 1076 3492 sit
1097 3429 1152 3514 (cf.
1172 3451 1204 3494 e.

95 3533 158 3617 V):
182 3536 266 3598 Ana.
289 3536 376 3612 XV,
402 3542 460 3601 59:
483 3573 528 3583 -—
549 3537 741 3611 ,Venturos,
773 3535 829 3619 qui
855 3535 961 3621 ipsum
988 3557 1117 3619 quoque
1139 3535 1206 3599 vin-

97 3639 209 3715 cirent,
235 3644 400 3726 postremo
420 3642 553 3727 indigna
568 3663 643 3705 neec
659 3640 846 3705 afficerent}
894 3637 955 3726 (Es
972 3641 1101 3704 witrden
1118 3641 1205 3704 kum-

97 3767 180 3822 men,
204 3746 256 3811 die
278 3746 333 3809 ihn
348 3745 431 3810 auch
446 3745 562 3811 Iesseln
578 3746 643 3810 und
659 3746 778 3810 zuletzt
793 3745 853 3810 auf
863 3745 1078 3811 sebruiihlicbe
1094 3746 1205 3812 Weiss

96 3850 288 3938 umbringen
313 3850 499 3932 worden.)
544 3853 627 3919 Arm.
644 3852 745 3929 XIII,
771 3859 811 3916 26
834 3889 888 3926 ‚—
910 3873 969 3916 nec
983 3874 1082 3937 grave
1099 3874 1205 3915 manu·

97 3955 203 4021 missis
226 3957 391 4044 peridem
415 3956 604 4042 obsequium
629 3958 788 4024 retinendi
810 3957 1010 4032 libertatem,
1038 3980 1095 4043 per
1117 3957 1206 4042 quod

97 4064 238 4127 assecuti
267 4064 354 4126 sint.‘
398 4065 468 4140 lIl,
497 4070 557 4129 69:
587 4103 631 4116 -
660 4063 799 4140 ,Multos
829 4063 861 4126 in
889 4062 1054 4149 provincia
1080 4066 1205 4138 eontra,
