2670 4508
642 199 681 256 19

697 283 769 290 ..ΝΜ

106 404 253 492 patietur
276 404 505 490 Vespasianus
529 404 644 468 vel-
632 426 739 480 ,ιιοιι
760 367 1038 490 pateretur—th
1068 387 1222 468 hocloco

107 530 217 575 sermo
246 512 301 574 est
318 510 359 574 de
387 531 443 585 eo,-
474 509 593 594 quod
584 530 647 572 uun
662 502 749 580 tnnc
770 503 885 573 contra
915 508 1081 573 Vitellium
1122 509 1223 574 luerit

107 619 271 680 statutum
310 613 392 703 (dirz
435 651 490 692 ,-
519 614 638 679 nullam
668 634 715 663 -··-
742 614 904 678 licentiam
937 613 1090 697 liabent).
1137 615 1236 680 Anu.¹
1320 598 1330 610 ’

107 720 191 799 XV,
214 727 274 786 διε
318 706 441 796 Fuere,
472 721 526 804 qni
555 714 600 769 .'.
622 719 1005 792 lrortorentur‘Pisonem
1033 743 1168 808 pergere
1190 721 1223 787 in

108 829 228 892 eastre-
246 826 301 890 -’-.
363 864 409 875 --
438 825 536 901 ‚Nihil
569 825 740 891 adversum
778 825 857 889 haec
888 824 1011 891 Neroni
1044 827 1223 913 provisum.

107 932 221 998 Etiam
250 932 354 996 fortes
376 933 463 997 viros
492 932 608 997 subitis
636 932 766 1008 terreri;
798 932 916 997 nedum
940 931 991 996 illc
1012 932 1156 996 scenicus
1178 969 1224 980 —-

109 1061 203 1104 arma
226 1042 339 1103 contro
354 1039 477 1103 cieret‘
506 1039 585 1119 (dirz
631 1037 795 1112 ,scenicus
818 1024 876 1102 'ille
906 1059 997 1102 arma
1025 1059 1089 1102 non
1108 1042 1225 1103 contra

108 1144 242 1228 ciebit).

534 1359 798 1372 ..ψ-...-

204 1776 375 1842 Sententia
397 1774 605 1841 conditionali
629 1799 693 1842 non
715 1777 914 1854 affirmatur,
937 1777 994 1842 sed
1015 1777 1082 1865 frag
1084 1750 1152 1842 itur
1171 1776 1225 1842 ali-

113 1883 212 1970 qnid,
235 1887 273 1946 ut
295 1883 503 1956 ostendatur,
533 1884 611 1967 quid
633 1902 706 1948 cum
730 1905 769 1948 eo
791 1882 964 1948 cohaereat
986 1905 1072 1948 nexu
1095 1883 1223 1954 causali.

112 1989 193 2056 Duo
216 1975 325 2053 autem
349 1989 577 2073 potissimums
593 1988 680 2072 quod
703 1989 845 2083 pertinet
866 1987 909 2052 sd
932 1987 1028 2052 finem
1053 1989 1130 2053 milri
1154 2013 1226 2076 pro-

114 2095 277 2184 positum,
300 2114 420 2179 genera
442 2093 652 2158 discernenda
673 2096 769 2158 sunt·
801 2097 870 2158 Ant
892 2094 1082 2180 simpliciter
1103 2095 1225 2178 aliquid

113 2223 176 2290 pro
200 2214 276 2265 vero
285 2199 448 2286 ponitun.
461 2204 518 2262 aut
520 2199 706 2287 respicitur
719 2199 815 2264 simul
831 2200 925 2275 ratio,
949 2221 1031 2311 quae
1045 2201 1227 2266 intercedat

114 2307 235 2372 inter
226 2327 330 2392 ipsam
353 2326 421 2368 rem
451 2306 591 2390 positam
615 2309 649 2369 et
675 2328 727 2369 res
753 2311 940 2381 extraneas,
962 2305 1047 2370 num
1079 2327 1138 2392 per
1167 2305 1225 2371 has

115 2411 276 2478 obiective
293 2412 427 2496 quoque
453 2431 530 2474 vera
560 2413 663 2497 possit
681 2432 764 2476 esse
792 2411 854 2476 ills
902 2410 999 2475 Prius
1022 2401 1101 2476 illud
1123 2422 1226 2497 'genos

68 2592 71 2597 p
115 2539 218 2582 unum
241 2521 292 2580 est
311 2538 352 2581 -ac
373 2516 511 2602 simplex
533 2520 568 2580 et
590 2517 757 2600 requirit
748 2539 780 2580 ιιι
814 2507 947 2581 directa·
966 2517 1116 2580 oratione
1148 2517 1227 2580 indi-

115 2624 268 2703 estivam,
281 2620 414 2686 modum
426 2621 602 2688 ,cuiuslibet
618 2623 775 2708 temporis
791 2626 920 2707 praeter
934 2621 1048 2688 futuri.
1076 2620 1226 2692 Alterum

115 2748 194 2794 vcro
217 2749 319 2813 genus
342 2727 548 2814 amplectitur
562 2732 629 2792 tres
643 2728 767 2815 species
781 2726 996 2811 secundarios.
1015 2726 1228 2792 -Ennntiatnr

116 2834 203 2900 enim
221 2833 368 2897 conditio
390 2839 449 2898 aut
471 2837 595 2898 utnon
618 2856 712 2910 vera,
743 2835 941 2920 cogit-atione
963 2834 1112 2918 ·tloquen
1104 2856 1130 2898 rs
1088 2834 1228 2898 tficta

117 2942 259 3012 tautum,
282 2942 342 3006 ant
362 2940 418 3014 its,
442 2943 481 3004 ut
495 2960 572 3003 vera
586 2961 656 3004 esse
672 2940 785 3026 possit,
808 2940 883 3004 licet
899 2940 943 3003 sit
957 2939 1125 3015 incertum,
1149 2961 1226 3005 num

116 3044 184 3121 ιὶι;
189 3049 251 3110 sut
264 3045 333 3109 sine
349 3031 583 3131 significatione
601 3046 714 3110 incerti
731 3033 932 3131 permittitur
947 3046 1087 3130 tempori
1104 3044 1227 3122 futuro,
1281 3033 1287 3043 ⁴

117 3154 237 3217 utrum
254 3172 331 3214 vera
352 3149 411 3214 frat
433 3172 492 3216 nec
514 3173 563 3216 ne
608 3150 720 3215 Prima
742 3152 863 3236 species
880 3154 955 3238 post
940 3150 1026 3215 tulat
1046 3148 1228 3236 imperfecti
1264 3145 1267 3151 ’

116 3257 171 3322 vel
193 3255 500 3343 plusquamperfect
492 3280 511 3331 ι,
476 3256 639 3320 taltera
662 3257 841 3341 proesentis
863 3255 916 3321 vel
941 3254 1078 3343 perfecti
1100 3256 1230 3321 coniun-

118 3363 252 3438 summ,
274 3363 373 3426 tertia
396 3361 498 3426 futuri
522 3362 741 3429 indicativum.
787 3360 839 3429 Cf.
864 3361 982 3428 Ferd.
1008 3360 1183 3427 Schultz
1205 3360 1227 3427 l.

97 3489 148 3536 s.
172 3469 201 3552 ς.
223 3475 289 3533 aro
312 3489 341 3532 n
365 3476 396 3555 a,
544 3477 545 3481 ‘

208 3574 279 3639 lara
303 3575 392 3658 quod
413 3574 520 3638 Taciti
544 3574 711 3639 conciones
734 3573 881 3659 obliquas
903 3575 1035 3649 attinet,
1059 3573 1227 3639 sententiis

119 3679 393 3746 conditionalibus
411 3681 546 3765 ‘quoqne
570 3699 766 3766 magnopere
789 3679 948 3766 probator
969 3678 1020 3743 lex
1043 3677 1108 3754 illa,
1131 3700 1228 3762 quarn

119 3785 233 3862 stetui,
256 3785 424 3870 generalis.
457 3783 641 3850 Secundum
663 3787 748 3849 enim
772 3806 868 3849 omne
877 3806 980 3870 genos
995 3783 1115 3868 ubique
1129 3784 1230 3850 habet

119 3888 343 3956 subiunctiros
359 3890 522 3966 relativos,
545 3913 627 3975 quos
643 3891 825 3955 necessario·
836 3889 975 3976 flagitat,
991 3891 1142 3975 qnoniam
1156 3913 1229 3956 cnm

119 3997 171 4075 iis,
195 4018 278 4081 quse
299 4018 339 4061 eo
361 3997 534 4083 pertinent,
556 3997 724 4062 sententiis
745 3988 1035 4072 conditionalibus,
1064 4019 1229 4081 nunquam

119 4123 186 4168 non
207 4101 320 4168 innota
339 4105 478 4190 apparet
498 4103 656 4189 cogitatio
679 4103 780 4190 ipsius
796 4103 930 4169 subiecti
945 4102 1118 4187 loquentis,
1141 4102 1229 4187 qaod

1022 4210 1068 4268 (ὶὶ
