2670 4508
303 60 306 65 4
324 52 345 71 ι’,

285 80 288 95 τ
331 96 350 109 Ι1

272 132 278 141 .
306 120 309 125 “
351 120 371 137 ⁴-

339 210 344 219 ι

109 411 285 488 obtulerat,
308 411 439 476 Drusus
453 413 616 498 praesedit
631 417 699 495 -.-).
730 411 816 490 ,Cur¹
828 411 1021 477 abstinuerit
1035 413 1219 500 spectaculo

60 507 66 517 ’
109 517 199 603 ipsa,
227 518 316 581 varie
346 516 538 581 trahebant!
591 517 676 582 lllud
707 517 777 595 ,eur
806 517 1000 583 abstinuerit
1030 518 1218 602 spectaculo

109 623 191 708 ipse‘
222 622 303 704 (scil.
327 621 576 704 Tiberius)·non
606 628 658 686 est
679 621 841 687 obiectum
871 625 1067 710 praeteritae
1089 627 1218 693 tantum

109 727 318 814 cogitationis
342 751 465 808 eorum,
488 729 543 812 qui
565 728 627 792 hoc
648 728 735 792 varie
751 728 934 804 trahebant,
958 729 1016 793 sed
1032 730 1126 793 simul
1149 730 1219 815 ipse

109 835 250 920 scriptor
261 835 294 897 in
307 832 468 920 praesenti
482 833 524 897 ds
535 855 574 898 eo
586 837 729 919 reputat,
742 839 895 919 tanquam
907 835 951 898 sit
962 834 1218 915 subaudiendum

110 945 185 1027 post
207 916 260 1004 illa
282 939 381 1004 verba
408 941 472 1004 ita:
504 978 558 1016 ,—
580 940 667 1003 haud
690 941 773 1016 scio,
802 944 872 1005 tum
906 940 993 1005 varie
1024 936 1218 1004 trahebant‘

109 1045 277 1110 Probatur
298 1044 378 1109 haec
401 1045 581 1132 explicandi
605 1046 690 1110 ratio
713 1046 769 1122 iis,
801 1067 883 1129 quae
913 1067 989 1108 mox
1020 1047 1218 1128 sequuntur:

109 1149 194 1226 ,Non
226 1151 431 1226 crediderim,
461 1152 502 1214 ad
525 1151 750 1216 ostentandam
782 1151 947 1215 saevitiam
979 1150 1219 1233 movendasque

110 1257 221 1342 populi
244 1256 433 1321 offensiones
457 1279 640 1321 concessam
664 1256 729 1320 filio
755 1256 938 1330 materiem,
968 1277 1163 1339 quamquam
1185 1255 1219 1319 id

109 1384 237 1447 quoque
260 1363 382 1426 dictum
406 1365 478 1426 est‘
685 1356 689 1373 ⁵

199 1467 320 1532 Similis
343 1472 393 1531 est
415 1468 499 1531 ratio
522 1466 581 1531 loci
606 1467 700 1532 huius
718 1490 790 1532 ann.
814 1467 840 1542 l,
865 1473 924 1530 61:
956 1504 1023 1543 „—
1037 1465 1220 1531 referebant

654 207 674 266 3
774 243 775 248 ,

108 1611 154 1622 —-
175 1574 315 1659 primum
339 1572 406 1644 ubi,
419 1573 534 1638 vulnus
553 1570 642 1638 Varo
657 1573 835 1648 vanarum,
860 1572 916 1636 ubi
937 1571 1056 1637 infelici
1080 1572 1219 1636 dextera

108 1681 142 1744 et
165 1700 224 1742 suo
245 1679 313 1742 ictu
344 1683 482 1743 mortem
506 1679 680 1755 invenerit;
708 1716 753 1727 -
775 1682 877 1762 utque
907 1678 1008 1763 signis
1036 1681 1071 1741 et
1101 1676 1218 1760 aquilis

109 1807 169 1871 per
195 1783 379 1870 superbiam
409 1783 599 1849 inluserint‘.
628 1821 674 1833 --
708 1784 808 1848 Haud
838 1783 905 1847 sine
938 1782 1079 1869 eleganti
1107 1783 1218 1846 distin·

110 1890 218 1954 ctione
240 1889 436 1953 ‘subiunctivi
471 1889 598 1953 relativi
632 1893 666 1952 et
701 1888 842 1954 absoluti
864 1887 1018 1953 adhibiti·
1040 1891 1115 1953 sunt
1146 1887 1218 1954 loeo

109 1993 172 2057 hoc
203 1993 282 2056 Tac.
311 2015 386 2059 ann.
409 1993 482 2069 lV,
503 2002 561 2058 11:
612 1990 707 2070 ,Mibi
738 1992 888 2059 tradendi
918 1993 1138 2080 arguendique
1168 2015 1219 2057 ru·

109 2098 209 2163 moris
232 2118 330 2162 causa
352 2097 431 2174 fuit,
466 2103 503 2162 ut
533 2099 620 2164 claro
642 2098 703 2164 sub
732 2100 880 2186 exemplo
906 2099 1007 2164 falsas
1036 2098 1218 2163 auditiones

108 2203 300 2290 depellerem
317 2207 526 2290 peteremque
542 2203 583 2267 ab
605 2205 658 2281 iis,
681 2227 820 2289 qnorum
844 2207 876 2268 in
894 2226 1007 2269 manus
1023 2204 1219 2268 ouranostri

107 2310 249 2384 venerit,
281 2331 321 2374 ne
351 2309 519 2396 divulgata
545 2316 644 2394 atque
672 2312 766 2375 avide
793 2314 926 2396 accepta
955 2310 1039 2374 veria
1061 2331 1164 2393 neque
1185 2309 1218 2374 in

108 2415 311 2479 miraculum⁴
329 2415 495 2500 corruptis
521 2414 758 2493 antehabeant.‘
818 2415 1039 2480 Subiunetivis
1076 2414 1218 2479 relativis

107 2521 311 2607 significatur
326 2520 493 2585 consilium
516 2542 590 2585 cum
607 2522 784 2607 praeterita
799 2522 927 2586 actione
948 2522 1114 2596 iunctum3
1146 2519 1218 2584 sub·

108 2627 260 2690 innativis
290 2625 448 2690 absolutis
478 2647 556 2689 vero
587 2627 771 2690 advertitur
791 2627 917 2689 animus
946 2626 988 2689 ad
1016 2629 1217 2712 praesentem

106 2732 277 2818 scriptoris
311 2732 556 2818 cogitationem,
591 2731 659 2796 soil.
683 2732 734 2808 id,
769 2730 857 2816 quod
890 2731 953 2794 iam
988 2731 1082 2817 petit.
1136 2729 1217 2794 Sub-

107 2835 303 2901 audiendum
318 2838 418 2923 igitur
428 2825 675 2920 quodammodo
687 2841 738 2902 cst
757 2840 833 2923 post
851 2837 931 2902 illud
947 2843 995 2914 ,ut
1005 2874 1050 2884 —
1063 2840 1217 2923 peterem‘

107 2942 171 3008 hoc
192 2942 246 3018 ,id,
269 2943 357 3027 quod
378 2964 462 3007 nunc
486 2948 584 3029 peto!

199 3045 264 3112 Sed
287 3049 372 3112 sicut
391 3049 423 3112 in
447 3048 601 3134 exemplis
623 3048 729 3112 allatis
759 3048 953 3113 subiunctivi
981 3047 1120 3113 absoluti
1144 3069 1217 3111 cum

106 3152 181 3240 ipso
203 3175 298 3217 sensu
320 3154 401 3238 legis
424 3157 568 3218 statutae
587 3152 670 3218 'bene
685 3155 891 3232 conveniunt,
913 3155 960 3218 ita
982 3153 1070 3218 nulla
1092 3156 1218 3218 ratione

107 3259 262 3345 explicari
300 3262 411 3346 potest
441 3258 529 3324 locus
566 3260 620 3326 ille
656 3260 733 3325 Tac.
766 3276 838 3324 ann.
868 3261 937 3336 lll,
970 3267 1030 3325 67:
1087 3258 1217 3335 ,Servor
1314 3328 1317 3335 ,

107 3386 238 3450 quoque
261 3363 377 3441 Silani,
408 3369 451 3429 nt
467 3365 639 3430 tormentis
667 3367 926 3452 interrogentur,
954 3369 1047 3429 actor
1070 3363 1218 3450 publicus

108 3471 269 3557 mancipio
291 3476 480 3558 acceperat.‘
526 3470 707 3537 Consilium
729 3473 890 3537 sententia
918 3470 1005 3535 finali
1027 3492 1216 3556 expressum

107 3574 249 3642 durabat
271 3577 400 3660 quidem
422 3579 454 3641 in
474 3581 581 3654 statu,
613 3577 668 3661 qui
691 3577 893 3642 efficiebatur
923 3598 988 3652 eo,
1009 3576 1096 3661 quod
1125 3578 1217 3640 actor

107 3679 255 3770 publicus
278 3702 392 3747 servos
416 3682 574 3768 mancipio
597 3683 722 3769 accepit
744 3686 778 3748 et
801 3682 951 3759 concedo,
975 3688 1064 3746 recto
1078 3680 1216 3766 aliquem

106 3787 163 3852 illo
186 3791 334 3874 tempore
355 3787 462 3852 dicere
477 3788 622 3874 potuisse
644 3789 708 3854 itur
732 3824 787 3864 ,-
810 3789 943 3875 accepit,
966 3791 1006 3852 ut
1021 3825 1065 3835 -
1081 3788 1216 3851 interro

108 3896 250 3980 gentur.‘
302 3892 368 3958 Sed
394 3893 529 3958 Tacitus
558 3897 646 3958 certe
675 3896 798 3958 statum
829 3893 919 3958 illum
953 3893 1090 3977 ideoque
1119 3893 1215 3957 etiam

107 3998 276 4064 eonsilium
306 3999 386 4063 illud
417 4004 454 4064 ut
492 4000 704 4086 praeteritum
737 4004 866 4076 narrat,
902 4020 1002 4084 quum
1034 3999 1217 4086 plusquam-

108 4103 256 4192 perfecto
278 4107 402 4171 utatur.
443 4111 598 4172 Praesens
626 4128 703 4171 vero
735 4106 942 4184 historicum,
974 4128 1039 4190 quo
1068 4107 1216 4169 versetur

1013 4210 1053 4272 υ
