2670 4508
595 171 805 265 ΛΘ,

145 375 225 444 illud
247 397 442 462 quamquam
465 375 542 451 nibil
569 376 749 464 exprimere
770 375 900 443 videtur
921 375 983 443 uisi
1004 398 1136 443 oausam
1158 375 1257 442 actio·

145 481 194 546 nis
216 481 348 559 alienae,
371 487 479 559 temen
495 482 700 548 subiunctiro
721 481 857 548 relativo
880 481 922 547 acl
944 481 1046 568 ipsius
1060 479 1199 546 subiecti
1214 480 1258 549 lo-

123 650 125 656 .
146 585 273 672 quentis
294 588 437 653 animum
453 589 670 654 convertimur
686 591 889 674 reputantem
912 586 1009 653 simul
1030 585 1072 652 de
1093 609 1144 659 eo,
1168 587 1258 672 quod

145 694 442 771 ceterosonteiret,
465 700 500 759 et
522 693 583 759 hoo
608 693 698 778 quasi
719 697 912 780 argumento
933 691 1046 780 (causo
1064 692 1185 778 logica)
1207 693 1260 770 ius

146 821 240 865 suum
269 795 469 886 probantem.
519 798 641 887 (Dona
664 799 754 865 nicht
782 797 863 863 habe
885 796 936 862 ich
963 797 1049 862 mich
1071 797 1168 864 ilmeu
1190 796 1257 871 auf·

145 926 358 991 marcungen,
393 904 530 970 scudem
554 903 608 970 bin
637 929 699 970 von
722 903 828 986 ihnen
848 888 984 969 beroien
1011 903 1092 982 (und
1114 904 1175 968 dns
1199 904 1258 971 mit

146 1009 276 1091 Recht),
299 1009 369 1074 weil
391 1009 442 1074 ich
460 1010 495 1093 ja
518 1031 559 1074 an
582 1010 669 1075 edler
686 1008 818 1076 Geburt
840 1009 892 1073 die
907 1009 1040 1075 Andern
1061 1006 1258 1095 iiberragef)

148 1119 231 1183 dnn.
254 1115 359 1191 XVl,
385 1122 441 1182 29:
475 1113 682 1202 (Queruntur
711 1116 751 1180 de
772 1112 910 1179 Neronis
933 1114 1083 1191 saevitia,
1116 1134 1184 1198 qua
1205 1117 1258 1179 tot

146 1220 257 1308 probis
288 1243 326 1284 ac
347 1220 570 1286 innocentibus
600 1220 677 1286 viris
703 1220 858 1304 quaesitis
888 1218 1075 1285 criminibus
1103 1218 1258 1298 interitus

147 1323 354 1413 porchetum:
371 1325 472 1405 ,Quid
488 1325 669 1412 Agrippino
685 1326 847 1391 obiectum
863 1325 923 1389 nisi
935 1325 1060 1391 tristem
1077 1324 1182 1408 patris
1196 1323 1259 1401 ior-

146 1435 270 1506 tunam,
294 1430 423 1514 quando
439 1435 473 1496 et
494 1430 547 1496 ille
563 1431 695 1517 perinde
710 1431 862 1496 innocens
884 1430 1005 1496 'liberii
1028 1430 1165 1496 saevitia
1186 1451 1258 1494 con

145 1535 314 1602 cidisseti‘
337 1533 527 1601 Subiectum
543 1537 676 1621 loquens
698 1541 731 1602 et
753 1558 882 1602 causum
899 1539 1082 1601 moventem
1103 1533 1259 1620 quodam·

147 1641 244 1707 modo
268 1640 497 1727 indignationis
520 1664 614 1720 sune,
650 1665 713 1726 qua
736 1664 770 1706 se
792 1641 942 1707 affectum
971 1663 1041 1707 esse
1063 1640 1168 1706 totius
1191 1660 1258 1705 sen·

149 1748 270 1815 tentiae
286 1748 410 1812 ratione
426 1748 578 1823 ostendit,
604 1747 698 1812 affert
720 1752 754 1812 et
769 1769 897 1812 caussam
914 1747 1051 1834 logicam
1067 1746 1147 1821 eius,
1169 1743 1259 1829 quod

146 1853 305 1919 sententia
332 1852 485 1939 primaria
512 1851 663 1918 affirmat.
717 1852 878 1938 Deinceps
906 1854 939 1917 in
968 1852 1081 1919 eadem
1104 1851 1259 1917 concione

147 1957 279 2043 obliqua
301 1959 448 2043 sequitur
470 1958 545 2024 hoc:
574 1957 760 2036 ,Enimvero
784 1959 981 2024 Montanum
1007 1956 1130 2044 probae
1151 1957 1259 2022 iuren-

123 2070 200 2144 'tae
221 2086 325 2148 neque
347 2063 463 2128 famosi
479 2064 640 2140 carminis,
663 2049 739 2148 quia
761 2063 934 2150 protulerit
954 2063 1129 2150 ingenium,
1152 2065 1259 2126 extor-

146 2193 214 2253 rem
239 2171 314 2256 agi‘
329 2210 373 2218 —
388 2169 572 2234 Discrimeu
594 2170 678 2234 inter
700 2171 764 2234 vim
788 2170 982 2235 subiunctivi
998 2167 1140 2234 absoluti
1162 2165 1259 2231 liuius

147 2279 181 2343 et
204 2275 329 2341 relativi
353 2274 438 2339 illius
461 2275 679 2360 unusquisque
702 2276 829 2342 sentiet.
874 2276 940 2341 Hic
962 2273 1149 2361 simpliciter
1170 2271 1260 2337 iacto

147 2382 329 2453 adnectitur
343 2403 441 2446 causa
463 2402 548 2455 vera,
572 2385 606 2445 et
622 2402 723 2445 nexus
745 2381 881 2447 causalis
897 2401 999 2464 neque
1021 2379 1140 2444 iudicio
1155 2397 1259 2462 neque

147 2486 313 2554 voluntate
335 2485 471 2550 subiecti
494 2484 654 2570 loquentis
677 2492 837 2562 statutus,
866 2485 923 2550 sed
945 2487 1024 2572 ipsis
1047 2482 1182 2549 obiectis
1205 2484 1258 2549 du

147 2595 200 2655 tus
224 2595 281 2657 est.
334 2591 421 2673 Xll,
444 2598 481 2656 ὃς
512 2592 677 2672 (Vitellius
707 2593 777 2678 agit
799 2591 887 2679 apud
917 2593 1065 2656 senatum
1093 2588 1135 2653 dc
1166 2588 1259 2653 mari-

146 2699 247 2765 toudo
267 2719 379 2762 rursus
405 2695 576 2785 Claudio):
615 2697 795 2783 Postquam
818 2698 897 2763 lmec
917 2695 1086 2762 favorabili
1109 2694 1260 2761 oratione

145 2802 314 2890 praemisit
344 2801 507 2886 multaque
544 2806 675 2888 patrum
706 2804 883 2868 assentatio
914 2801 1125 2887 sequebatur,
1160 2803 1259 2886 capto

146 2930 259 2980 rursus
281 2907 386 2983 initio,
410 2907 551 2991 ,quando
575 2909 790 2973 maritandum
814 2910 991 2996 principem
1015 2907 1121 2973 cuncti
1146 2906 1263 2988 suade·

147 3019 220 3080 rent
254 3012 366 3101 (cerusa
399 3013 535 3102 logica),
574 3013 671 3100 deligi
705 3000 858 3100 oportere
890 3013 1041 3078 feminam
1074 3011 1262 3087 nobilitate,

147 3119 334 3208 puerperiis,
360 3120 571 3185 sanctimonia
585 3120 764 3207 insignem.‘
801 3120 893 3196 Hist,
908 3119 968 3198 lV,
992 3125 1050 3185 85:
1073 3117 1258 3193 Mucianus,

147 3225 235 3311 quod
265 3226 320 3289 diu
350 3224 585 3301 occultaverat,
621 3231 658 3291 ut
685 3249 795 3292 recens
822 3225 1041 3312 exprompsit:
1080 3221 1256 3304 ,Quoniam

146 3331 348 3417 benignitate
377 3331 473 3395 deum
495 3331 618 3404 fractae
643 3333 728 3397 vires
751 3331 893 3397 hostium
917 3330 1042 3406 foreat,
1066 3353 1191 3416 purum·
1205 3328 1258 3394 de-

147 3461 221 3507 core
241 3436 485 3510 Domitinnum,
508 3435 655 3503 coniecto
677 3461 780 3526 prope
801 3438 902 3513 bello,
925 3437 1046 3502 alienae
1067 3433 1193 3521 gloriae
1214 3434 1258 3497 in-

146 3546 393 3619 terventurum.‘
439 3543 523 3606 Anu.
549 3543 593 3618 ll,
618 3550 676 3607 26:
709 3543 774 3608 Sed
797 3543 918 3608 crebris
940 3541 1084 3628 epistolis
1106 3531 1262 3607 Tiberius

150 3648 300 3713 monebat
316 3645 587 3737 (Germanicum),
606 3648 726 3714 rediret
742 3650 783 3713 acl
799 3650 965 3714 decrctum
982 3645 1198 3733 triumphum:
1214 3682 1260 3692 -

147 3754 260 3830 ,Posse
282 3758 316 3818 et
340 3752 523 3819 Cheruscos
554 3758 741 3839 ceterasque
773 3754 937 3820 rebellium
966 3759 1096 3839 gentes,
1124 3744 1261 3835 ,quondo

146 3881 299 3924 romanae
328 3859 441 3925 ultioni
472 3859 652 3924 consultum
677 3864 778 3936 esset,
809 3861 945 3926 internis
976 3858 1145 3937 discordiis
1167 3856 1259 3923 relin-

148 3965 223 4051 qui.‘
238 4002 282 4012 —
299 3966 350 4029 lta
373 3963 460 4028 lraud
481 3963 577 4028 dubie
598 3988 670 4030 cum
694 3967 828 4032 Mureto
851 3965 1020 4050 legendum
1045 3987 1104 4050 pro
1126 3985 1258 4048 corrup-

75 4069 229 4250 ψ,
258 4092 340 4156 quae
369 4070 480 4159 estin
510 4070 619 4136 codice
648 4071 797 4137 Mediceo
815 4077 912 4157 ,est‘‚
947 4092 1044 4154 quam
1067 4068 1258 4137 Waltlserus
