2670 4508
63 365 127 442 gu's
145 356 341 423 erederet
360 356 454 444 (dinr
490 362 602 434 ,ua-
627 358 894 445 ermargorae
929 361 998 434 ,uis
1020 399 1063 412 ·-
1085 362 1176 448 glou·

63 461 127 527 ben
156 462 262 550 mng‘)
291 463 431 528 Dianam
460 467 559 548 atque
579 464 763 550 Apollinem
784 465 871 531 Delo
897 466 1045 553 genitos‘.
1101 466 1178 554 (Se-

64 569 195 652 quitur:
221 606 266 618 -—
295 591 390 653 ,quae
419 607 464 619 -
492 569 657 658 maneat‘).
711 572 767 636 lta<
793 573 992 658 contemptio
1015 573 1177 656 quaedam

63 674 258 760 exprimitur
279 674 508 761 Ephesiorum,
532 675 587 759 qui
608 675 686 740 nibil
710 682 837 751 cursant,
860 676 938 761 quid
960 678 1060 764 vulgo
1074 679 1116 745 de
1138 701 1178 745 re

63 778 118 842 illa
139 779 359 866 perhibeatur.
404 778 459 867 (of,
483 780 715 863 Ramshora
737 781 757 849 l.
779 804 806 848 a
833 785 861 866 §-
891 790 965 858 166,
988 791 1019 859 4,
1036 786 1076 867 a).
1112 804 1167 853 ,⁷1-

488 996 753 1005 --—.---—--.--.-

478 1144 665 1320 e.

69 1462 72 1468 .
154 1409 191 1475 Si
212 1410 632 1500 aliquidnonsimplieiter
653 1435 740 1486 esse,
764 1414 821 1479 sed
844 1435 914 1479 esse
937 1438 1032 1500 posse
1054 1413 1176 1483 dieitur

63 1516 125 1582 sub
147 1517 332 1593 conditione
354 1524 461 1585 mente
483 1520 664 1606 supplenda
686 1519 736 1584 nel
752 1520 867 1594 verbis,
890 1543 1085 1606 quamquam
1108 1546 1175 1590 non

62 1623 170 1688 forma
191 1625 372 1688 sententiae
400 1625 643 1701 conditionalis,
675 1648 844 1712 expresso,
876 1627 1007 1712 proprie
1027 1651 1091 1692 non
1122 1650 1176 1695 res

61 1750 149 1815 nera,
169 1729 299 1794 sed-rei
319 1734 446 1795 tantum
469 1731 542 1796 idea
556 1733 755 1817 cogitatione
774 1732 912 1797 subiecti
930 1733 1089 1817 loquentis
1103 1735 1176 1803 uisa

62 1836 275 1921 proponitar3
299 1835 332 1900 id
356 1837 444 1919 quod
468 1836 669 1922 significatur
691 1837 869 1902 indirecta
883 1840 1031 1904 oratione
1046 1842 1176 1911 aonium

62 1941 150 2005 ctivo
166 1941 353 2026 potentiali,
377 1963 472 2025 quem
487 1946 615 2008 vooant.
645 1942 710 2008 Hic
725 1947 760 2007 et
780 1944 813 2007 in
829 1945 996 2009 sententiis
1013 1945 1176 2029 primariis

62 2047 343 2130 secundariisque,
376 2046 493 2131 quibus
515 2047 697 2113 affirmatur
719 2047 858 2132 aliquid,
896 2048 950 2113 ubi
975 2071 1071 2135 saepe
1090 2049 1175 2114 altir-

63 2152 197 2217 mationi
209 2152 347 2237 speciem
359 2153 521 2236 quandam
539 2153 717 2220 modestiae
730 2155 835 2229 affert,
852 2159 885 2221 et
901 2155 932 2218 in
948 2155 1175 2240 iuterrogatio·

61 2258 168 2333 nibus,
189 2258 358 2341 inquibus
379 2258 615 2324 dubitationem
632 2261 863 2346 interrogantis
878 2261 1043 2346 exprimit,
1066 2260 1174 2324 locum

61 2364 181 2429 habere
204 2365 337 2450 potest]
365 2362 434 2451 (Of.
458 2365 491 2429 Μ
505 2366 638 2451 advig.
654 2365 674 2429 l.
692 2388 718 2431 c.
739 2367 767 2449 d.
791 2372 875 2441 3503
900 2363 944 2432 G.
958 2365 998 2428 Τ.
1013 2365 1056 2429 A.
1072 2365 1175 2430 Kraa
1280 2393 1286 2405 ·

61 2491 136 2554 ger
158 2469 177 2532 l.
194 2492 220 2537 e.
249 2471 276 2552 ξ.
299 2475 375 2534 457.
392 2475 480 2545 .614;
502 2469 621 2539 Ferd.
645 2469 814 2536 Schultz
835 2470 854 2536 l.
880 2492 906 2537 o.
933 2472 960 2552 ξ.
984 2477 1059 2535 341.
1082 2472 1175 2556 342.)

62 2573 130 2639 Sed
152 2596 208 2639 eae
233 2575 589 2659 quoquesententiae,
615 2577 652 2639 in
682 2575 800 2660 quibas
830 2575 1037 2649 indicativum
1069 2575 1175 2641 saturi

61 2679 163 2745 habet
198 2680 323 2745 directa
353 2681 477 2757 oratio,
509 2703 706 2766 quamquam
736 2685 887 2746 eventum
922 2680 969 2745 rei
1000 2682 1172 2746 certiorem

62 2786 248 2855 ostendunt.
271 2790 380 2851 tamen
402 2787 534 2873 proprie
554 2788 631 2852 nihil
655 2787 716 2855 nisi
732 2787 883 2854 aetionis·
898 2809 963 2853 nan
992 2787 1057 2850 iam
1079 2807 1175 2851 verae

60 2892 177 2965 ideam,
200 2913 283 2975 quae
298 2914 363 2957 non
377 2893 440 2956 nisi
453 2892 487 2956 in
502 2893 699 2978 cogitatione
713 2893 874 2976 loquentis
890 2895 950 2966 est,
974 2892 1173 2976 exprimunt.¹

62 2995 130 3085 (cf.
154 2997 292 3091 Haase
313 2997 334 3060 l.
357 3020 384 3062 e.
408 3021 438 3061 a.
460 3005 544 3075 446,
569 2997 611 3065 G.
633 2998 674 3062 Τ.
697 2999 737 3063 A.
762 2995 976 3082 Kriigerl.
999 3019 1027 3063 o.
1050 3019 1082 3081 p.
1106 3003 1176 3062 836

61 3126 90 3171 a.
118 3103 160 3191 1.)
205 3104 258 3167 lta
280 3103 482 3188 intelligitur,
504 3126 587 3187 quae
610 3105 654 3168 sit
675 3104 760 3167 ratio
782 3125 892 3167 eorum
915 3103 951 3167 in
967 3101 1077 3174 Taeiti
1100 3086 1173 3167 οοιι·Ι

60 3208 207 3273 sionibus
219 3207 357 3292 obliquis
369 3208 645 3274 subiunctivorum
658 3208 878 3284 relativorum,
895 3229 977 3292 quos
987 3207 1174 3292 germanias

59 3314 226 3378 reddimus
242 3336 301 3401 per
323 3320 462 3400 ,nrbgem
486 3316 623 3389 kdnnen,
642 3315 756 3390 sollen,
780 3315 929 3387 werden⁴,
950 3314 1093 3396 itemque
1113 3334 1173 3379 oar

59 3419 178 3484 ibidem
203 3420 361 3484 absolutis
389 3420 601 3485 subiunctivis
632 3421 744 3485 eadem
766 3421 815 3485 ris
843 3419 947 3483 inesse
970 3441 1034 3482 non
1058 3419 1173 3503 possit.

59 3527 145 3593 Ana.
175 3526 278 3602 XlV,
311 3533 352 3591 61
382 3561 427 3574 --
448 3527 558 3601 ,vitam
579 3527 691 3613 ,ipsam
714 3527 755 3592 in
782 3530 963 3591 extremam
995 3524 1174 3593 adductam

60 3655 82 3695 a
103 3631 258 3696 clientelis
288 3637 321 3696 et
351 3632 490 3696 servitiis
503 3629 703 3706 ⁴Oetanine,¹
717 3653 800 3716 quae
830 3630 934 3716 plebis
961 3629 1022 3695 sibi
1053 3653 1172 3702 nomen

60 3737 254 3814 indiderint,
286 3759 324 3800 ea
346 3737 379 3801 in
411 3738 605 3823 paoeausi,
636 3759 719 3821 qnae
749 3736 802 3801 vix
833 3734 918 3801 bello
949 3737 1172 3810 evenirent

59 3843 142 3930 (dira
177 3843 409 3919 -.,eveniant‘
424 3865 533 3928 germ:
561 3874 606 3891 -e
621 3842 790 3918 ,vorlallen
807 3853 893 3926 mag‘
909 3841 977 3905 sive
993 3840 1171 3930 ,auehe-⁴),

58 3949 149 4023 Hist,
165 3949 198 4023 l,
210 3958 269 4014 21:
286 3986 330 3997 -—
345 3955 542 4035 ,suspectum
560 3970 687 4036 semper
700 3949 902 4031 invisumque
917 3946 1171 4036 dominantibus,

59 4056 115 4139 qai
144 4055 312 4140 proximus
338 4055 788 4136 destinaretur‘1twer-etws
817 4053 865 4127 als
893 4051 1092 4138 Naebfolger
1120 4051 1170 4127 be·

960 4166 983 4221 ‘l
